3104 4140
1382 949 2823 1055 ar ly cascraux fu fors coenure sarogmoiez
1325 1085 2919 1170 sueu uiure ne leur uieuent adout par mil endrois
1398 1032 2735 1120 resbien fu dffen que depaiene maleois
1405 1138 2606 1214 aroles uers hamau fu authone ly Rouz
1323 1186 2768 1278 Qui la endroit urarsoir les pairet les destrois
1371 1246 2664 1340 ntre luy et ses hõmer logiet sur lizmarois
1380 1301 2554 1391 ⁊ ont fait ordner mainti cloie de bois
1320 1359 2604 1449 Fõment sur les crolieres se passe a. manoir
1164 1405 2473 1515 auãtsy treshaultalerent crestien a celle foi
1318 1467 2800 1561 Leul ereuuent le chiterue dont ly quil sont destrour
1313 1522 2611 1612 Crestous estoit de fie r uien espes de iii dou
1415 1582 2636 1672 scachies que de route en y auoit tes trois
1438 1642 2671 1729 les enst uriies ne delan a ne des mour
1332 1750 2611 1842 i fossiere fist mander et machons maurois
1408 1699 2611 1784 yes Sont saulsa ques morans ly adrois
1375 1810 2728 1904 anque ou en pot trouuer en flandres nen artoir
1339 1865 2549 1961 p fist faire un castel uoure par tel exploia
1325 1915 2648 2023 ftui fu tous acouplis en mains que de ini mour
1334 1977 2682 2070 Et de fosses otout ⁊ de grans guurs et croit
1290 2028 2804 2145 amueres et foutemeis qõt egt et grans sour doirs
1306 2093 2551 2203 uue basse cour sist sy grande. cheste fouz
1339 2139 1518 2214 ui luꝰ
1297 2205 2411 2300 Et apela rimere sen castiel malinois
1622 2166 2565 2254 de maisons plus dem. et troud
1295 2267 2696 2371 Depina yot gralit uille Egr uoul fu ly teroit
1293 2334 2747 2431 y quamasser sy uiurert Iheualier et bourgour
1295 2396 2544 2484 Et tr celle uille su nõmee leu̾s en artois
1461 2456 2793 2548 eigueur or escontes poitr dieu et poursen non
1389 2516 2719 2603 Et uoua ores cõment et par que los coison
1334 2566 2722 2658 le grant toue de emiere qui dõnayaanon
1327 2617 2745 2725 su Rendie ano gent que moult lonce faison
1346 2681 2712 2787 urent deuant cantin ou il rrouaintr ongan
1378 2727 2533 2838 emoraue demora arinee che diston
1366 2783 2590 2902 ⁊ ou Il fist un castiel pasr iel deision
1369 2840 2903 2969 un eiust moult bieneret dun arc et dun uougon
1293 2907 2781 3024 sisque a be haulte gout dout ray fait mension
1364 2966 2715 3070 res ly gaiana ny conte Ce monterdun uouton
1364 3017 2692 3130 restout ly laissoit faire sen talent et sen uon
1306 3075 2600 3167 Iauoit ge crintni so lui grande soupechon
1380 3134 1815 3206 ul nauoit a
1836 3132 2786 3229 sucoue tropforci estu maison
1281 3190 2797 3305 Somuent de lui alautte sen a loir che dist on
