3104 4140
1424 862 2763 968 Desy Iusques ⁊ quant ly rois bentent
1417 931 2972 1032 Onquee mais en sa uie not le suer sydolant
1403 988 2811 1094 Mahon ⁊ apolin en mandist malenot
1424 1058 2991 1156 Et disoit mauuais dieux uoꝰ ne uales noient
1428 1120 2848 1214 ldont ly Ricliz rois sorpra ceurement
1438 1182 2963 1278 Et regarde censeigne qui balioit au uent
1405 1242 3023 1357 Proult en fu courechies d rois ⁊ uaison lapt
1465 1313 2936 1414 tant lie uoꝰ heury au engleterre apent
1447 1380 2975 1472 et de constantmoõse le roy q̃uitant despent
1415 1432 2979 1534 t de royde uoudiaux qͥ tant ot hardemoie
1428 1492 2915 1596 denboure assalirent d in roy de iouuent
1408 1559 2919 1658 Et le Roy encouke eus se uie bien dessent
1389 1616 2735 1713 e le fautacherie y fery Radement
1389 1683 3016 1777 Mes nos frans ꝰ uns crestiens malicieusemont
1387 1743 2689 1849 lssalirent le ron parle enforchemen
1461 1805 2998 1913 fant lyont tolu leg roy constãt le prent
1373 1881 2970 1977 pyassalent le roy qui trentgrant feuemẽt
1375 1950 3000 2060 Qu chenal labatirent sur corbequirePlnt
1412 2021 2786 2118 la Reuissent tue adgeul ⁊ atourmẽt
1396 2081 3028 2173 fuant ly pour ardenroure sistaeux parlemẽt
1401 2139 3014 2242 fet dist ahante uoin sans mul aristeunt
1369 2205 3023 2311 seigueur che dist ly rois mõ corpsauosere
1428 2279 3000 2382 arprendre pc uoray le saint uabtissemẽt
1408 2348 3016 2449 Et ronre ou saint seigneur uoire parlel ouue
1373 2412 2993 2550 Q Rue les saintel Reliues de dieu oĩpotent
1398 2486 2899 2605 ses claux le courõne ⁊ le lanche enseur̃t
1357 2553 2931 2665 Ilte lairis agarder ou non dieu propennt
1355 2619 2926 2727 Eet quant y uaron loeut sy dient haultemẽt
1408 2686 2869 2785 raue Poir nous locriom a uo cõmãdemẽt
1359 2746 3005 2852 uis que dieit uoles trore ⁊ amer uõuement
1346 2812 2811 2911 Liens ne cõmaideres ne farchons lemẽt
1346 2879 2975 2989 Pout meuoient grant pu Repoiet quualanẽt
1375 2950 2809 3049 Ie bataille est finee sy laissent le coutem
1578 3015 2933 3116 bataie est fimie et ly caples est fies
1304 3068 3037 3176 t lyuous rois ardeuroure sest en hault est
1435 3141 3009 3240 t dist asgens crestiens auenquis moy uenerz
