3104 4140
1323 814 2903 965 Aues uous Recheu grant paine ⁊ grant touraent
1445 883 2634 1005 tes che poise mon quil ua sy faitement
1320 929 2482 1039 insy se deuisa authõmne lonuẽment
1311 982 1730 1062 Et quant chi
1300 1030 2595 1140 Alirent tout da cort et par leruortement
1746 993 2802 1094 urg ouuyt ls doy coy uistement
1295 1085 2590 1184 Pu gentil archeuesque qui tant ot dessient
1309 1147 2466 1223 proir ou y ensant gisoient ⁊propemout
1295 1193 2609 1269 O deui le cambre sont entre ymellement
1431 1251 2855 1338 ꝑ Soy roy de bõnaire que dieia faiche pardon
1327 1336 2784 1465 se uit de urisses tromierent pare dun siglacon
1375 1290 2712 1400 Eugrerent en le cambre des ni enfans de nou
1286 1405 2482 1494 Taut nobles ordner̾ estoit uun le sçeto
1281 1455 2678 1561 Que nul plus noble lit Rrouuer ne poroiton
1297 1504 2616 1609 uaincheussont de cooyanssy ulane qui coton
1318 1575 2694 1667 Mes unnr q̃mente yot d moult Opoure fathon
1270 1612 2636 1729 ulus dure que matral de sons et uiparon
1306 1672 2814 1777 Et quꝰ gentieux martins quy cant et depRedno
1270 1722 2701 1858 Gisoit dessus lestrain et une pierre enso
1267 1784 2843 1920 Dieux dout chil doy roy cõmẽt chil donsellon
1274 1853 2487 1948 Pantp̃ne cõsiruche et sont distrelion
1281 1908 2593 2014 Et quil auuent de cuer Ihũlrist s⁊ sen non
1486 1961 2926 2104 sont de deus le cambre dħ doyary de frãc lini
1290 2033 2630 2143 l y ont uent le lit de urisserde de martit
1300 2083 2761 2198 y Rit sont moult uien fais uy lincheul sõt de lini
1279 2143 3007 2263 Mles dessons fu moult dure le coute quiente et le consin
1311 2212 2793 2318 Ens ot porl de cameul Nreclant ꝯme achrin
1288 2270 2754 2375 la se conclioit martin dessy iusqui au matin
1281 2318 2719 2435 Et brisses gist aterre qui tant ot le cuer fui
1237 2387 2678 2495 ꝑesons sen clnef auoit un cailliel marberu̾i
1396 2451 2885 2562 gissoit sur estraui la prendoit sonaro doctrini
1228 2516 2659 2608 Mes puis Iu sytresuiche par le gestebain
1316 2576 2885 2681 ue mainte fois maintont le guerre et le hustin
1318 2638 2609 2732 t de constantmble tuit le roialme fini
1313 2707 2588 2801 ois en fuapeles tout fu oluy ouclui
1329 2773 2574 2854 ⁊ escoutes seineur syores de marti
1323 2831 2659 2925 entra en le cambre enly ot bel mesquin
1270 2886 3025 3001 Ruant il uirent les deux Rois quil uirent sendestis
1304 2950 2816 3047 en ẜu moult dolans sen tuit le chirf enclin
1237 3008 2708 3102 it lyl rry seut a le par deseure un gardui
1256 3068 2485 3155 la uet unr cambre pomturee a or fi
1214 3123 2986 3263 Ou en Roy se coutherent que furent deprãt lim
