3104 4140
1410 910 2639 1011 Mes tost eist este oceus et de caupes
1566 965 2800 1060 y maistres ne fust ly stens aus carm lz
1442 1023 3011 1122 Lour ehe que chest ses oucles fuen prison uonte
1463 1087 2722 1150 dai ly Soue amenque et pain et uin asse
1479 1129 3005 1205 hseux mourdreux seigneur su germais apeles
1421 1177 2841 1262 QQuant uint le roy coustans a hault sest estrus
1493 1239 2733 1308 opains uien soies uous et uaius et alel̾
1408 1285 2841 1370 Dont estos uous aurs pour dieu ne le celes
1530 1336 2922 1432 e droit de hascõgne Ie sun de uourdang nes
1532 1396 2754 1488 surie par foy dist consfruit ly doubtel
1385 1453 2814 1547 Mes par le ror aprault en fuy rdis uontis
1456 1511 2809 1609 e Roy me ꝑ fist banir de ses grant liretes
1479 1561 2733 1669 ar un si en combre len y su parauoytues
1530 1609 2485 1701 il meust teme tost fuisse afin ac
1435 1667 2676 1754 mũ ne pos ame dois uenirames ars
1385 1706 2786 1807 Iie pou ne ly miens ouches Iazcrans lydoubtes
1488 1770 2505 1849 uenisme arõme ia uõne chrites
1417 1816 2399 1892 La fu cascun de nous ualtisielte ne
1435 1842 2786 1950 et mahon renoimmẽs car il ne uault ii ds̃
1428 1913 2590 1982 Neya mauuais mestrẽ auous ne timps
1387 1954 2646 2046 Mes ancles est lassui mourdreux apilxl
1564 2007 2650 2088 eme suyonsy de chemestur uses
1415 2058 2843 2145 mes ie suy droit cuy mis dont suy moultayres
1405 2116 2742 2196 Mes se ie pooie esre par mil uour escapes
1463 2164 2797 2240 e mmen ouele ochstroi ut seroit q. doines
1401 2217 2650 2295 mais d clie messier ne me seray uses
1442 2265 2485 2346 ermitel deueroie Ie men suy nas
1396 2313 2915 2385 aunis che dist sy rou moult saugement parles
1550 2364 2768 2447 arquoy fustes uous chy engrot uoutes
1463 2419 2873 2500 ar foy che sist ge mamny prestenu t le sares
1447 2479 2832 2562 pour duy a un an sy ueayque dieux funel
1385 2530 2857 2622 tue Iestoie en clie uos sil les quenuũs Raines
1548 2585 2701 2670 esgurer trouuauas q lu estoit un harmes
1424 2594 1454 2679 e
1445 2638 2641 2723 e qaubert ioherant ⁊ acheual mõres
1387 2658 1421 2718 I
1412 2691 2597 2769 rt cortoit un enfant Iosur fu serars
1346 2741 2535 2835 Il not point py iours quil otese nes
1341 2783 2855 2886 pouct su ly enfes uiaux geluz su grantpites
1343 2840 2970 2953 ⁊ ꝯest a qouus grans pequies Qequoy suy encobren
1366 2904 2473 2996 Al terrgie ieta de les lerbe Rames
1412 2978 2427 3054 ⁊ oussy delquid̾ q qui il su portea
1346 3017 2526 3114 Nes uien serõunt auchois quil sust fiues
1408 3084 2646 3162 ne uenfeint quil portoit qui fu enuoiepes
1594 3134 2630 3219 Riche guron d soie hien omuires
1357 3160 2676 3307 fuist ochi ou uos ains qui lrust Retournes
2701 3656 3018 3783 un smon
