3104 4140
82 837 1083 954 droitement a sen aur sy frutefier
96 906 1380 1009 Qul ne se pot cor des enfans Regait
110 963 1424 1062 iature ly semont quilne se pet targier
112 1021 1587 1122 ins dist a larcheuesque sanepoint de latarcier
101 1076 1256 1170 are par chelux dieu qui tout aaiugier
82 1124 1447 1232 Eui sont chl doy enfant quaues aiusticleer
87 1177 1219 1290 liueruellesont uel Il nya que signier
188 1232 1580 1329 refrans archeueigre che dist Ry Rousz heris
96 1294 1647 1386 Du sont chy doy enfant que corit sõt uien apuis
140 1350 1553 1439 ire dist lorche nesque qui mous estoe pensiez
131 1400 1530 1501 e ne scay dont il sent ne de confait pais
112 1455 1348 1566 autrier luy aamnens chelle chite de ppris
115 1501 1267 1619 a me uurent uedir eue lois Ihũist
117 1563 1428 1681 l auoiout .x .xui ans uescuche mest auos
101 1632 1458 1734 Sans le baoptesme auoir et la me fu requis
112 1701 1380 1793 des uaillans damoisiaux que clyx aues coisys
121 1766 1300 1865 t Ie bes baptisay uelentiers non ennis
119 1823 1474 1925 dour che que les uich uiaux gracieire se faitis
131 1885 1302 1975 euõnanes ⁊ douls ede uien faire entenns
126 1943 1371 2049 es ay dedeus macourt ⁊ Retenus ⁊ mis
115 2003 1346 2109 qrre bien aues fait dist ly adis signouris
94 2063 1718 2168 pont ua a ses deux Rrerys Uy uous Rdis postais ⁊ getrent
115 2129 1592 2233 utre eux deux chenancha ly. boul Rois haitris
144 2194 1166 2281 eux se ddeisoit uelentiers nen enius
133 2251 1534 2359 ont aussy cheuantlant pour certain le uous dis
140 2309 1610 2417 t parlant tout ensauble sont uenun as courtillg
115 2369 1585 2479 De le chite de tours ou auoult or et murs polist
124 2428 1382 2530 a fu le belle clamt que moulto clir le uis
142 2488 1504 2582 Ienne auent lel poures les crans et les petis
225 2550 1479 2647 ar dehors le chite aui uirs est apelee
211 2610 1329 2686 Ensy que un preel estoit elame ali
138 2668 1527 2743 aut yauoit de gent couuerte en fu leprie
117 2723 1555 2824 Pour ueir les deux rois fu le gent assamblie
142 2785 1221 2877 ⁊lame se Regardie le Roine semt
108 2852 1424 2941 Et uoit le roy heury de qui fut lespouste
110 2914 1509 3015 Eutre sis fieux estoit dont elle ot fait porter
158 2983 232 3196 e
338 3010 365 3081 f
414 2985 1677 3065 l pere uit apres qui le barbe at merler
308 3054 1447 3180 nsy pot elle uir tout a une Iourmie
1463 740 1608 853 114
