3104 4140
82 690 1599 834 uoloir ihũs uint tout droit a ungcormage
75 772 1603 901 Inques mais ny auoit en fors gens saimaige
75 823 1723 970 En lile de constanches deles ung grant preage
75 899 1472 1028 ue roche yauoit qui fu de graut estage
87 972 1626 1094 noult yent obseur lieu et prileux et ramage
184 1035 1495 1159 sy dt euueron issy moult glaut lostaige
138 1090 1580 1235 dame uint au port adont saus arestaige
96 1166 1612 1315 prius ses deus enfans qui sont de ioue cage
103 1242 1343 1380 ni aun les porta deles un gardinage
110 1301 1624 1444 et puis apris le pain auenques le frõmaige
108 1359 1751 1515 ng de sul stur pains pardy afaire le Eqrasaige
172 1444 1369 1573 ⁊ en liaue quey dout elame le sas
108 1492 1642 1639 u dolente en son aier et dist en son languise
108 1552 1921 1704 e doullie mere dieux en quy dirio pans np̃enaige
92 1642 1500 1764 Umois sans ameurir uo digne puclce lage
108 1697 1792 1826 oudis de plus en pls uint auquent damaite
117 1764 1387 1902 ers le roche lassus a coelly son uoiage
117 1849 1587 1980 es enfans yporta amoult grant malaige
117 1922 1417 2051 t ly faitis batiauo se party du riuage
151 1991 1495 2132 uoie que il uint reua sans demorage
94 2058 1682 2201 onques ne saresta paur uent ne pour oraige
110 2116 1898 2283 isqua tant que il uint droide droitement o paisage
119 2214 1652 2357 u ly coutrs lot nuis et ly dõne se carge
121 2297 1380 2433 contẽs de clochestri au fenestraige
103 2369 1695 2493 duont il uit le batiel que poutt not de menaig
110 2440 1461 2571 hũcest en loa qui maint o hault estaige
128 2527 1849 2628 t diss dame uaillans dieux uous doist sy mauuge
110 2599 1615 2695 ycontes fu moult lies quant il uit le batul
124 2665 1705 2760 ¶Qui estoit peuenus au port lus le ponchiel
128 2730 1606 2822 et se ne Rameuoit ne dame ne deinsel
117 2787 1479 2904 ie les petis enfans qui fureiet iouẽ chel
138 2872 1626 2976 t se ny furont mee mie oussy ly uarisel
124 2948 1488 3052 u il auoit saquiet du uin aqlain cõmel
92 3065 1557 3215 pu uaus puissies manor sami iux faitad amarg̃
