3104 4140
1148 699 2627 807 Car in iours apasses dont moni duel a nouuelle
1145 777 2878 864 Que ne mentan de pain se ne sun pas plus uelle
1173 834 2533 922 Et quant heuris lentent parmuy le chaintares
1145 887 2699 993 Le print et se iy dit ueues uous ent danselle
1141 945 2468 1039 suuengier uous douray uiande bonne ⁊ belli
1168 1046 2774 1161 guelle nauoit mendaet des pours ẽot passe trois
1249 1000 2508 1104 pant herris dengleterre oit de lame le uois
1145 1117 2335 1209 adont isuellement ie saisy parles don
1145 1237 2416 1324 amenoer et aboire uous douray a uo cois
1212 1161 2634 1281 t ly dist donchement pq̃r dieu et par ses trois
1155 1276 2926 1393 uenes ent auenques moy frans cuers. et courtois doulx
1182 1345 2485 1451 Et celle se drecha dont le cuers fu destrois
1132 1405 2397 1529 Hendy sur sen cheual la mise de manoin
1134 1462 2441 1596 Et la mis deuant ly sans faire nul gabois
1159 1531 2528 1653 et dist o son mesmes he nay que faire au bois
1127 1596 2712 1713 Car py pains mindre proit que Ie ne sis des mois
1127 1665 2510 1784 Tant broche le cheual ly aches pois encelois
1138 1727 2404 1846 Quil est entres dedeus le castiel maguois
1138 1784 2503 1902 Quant il uint au castel dont dist a haulte uois
1141 1865 2388 1982 portes amench̃er chenaliers et hourgais
1143 1904 2938 2040 aldont mirent les tables escuier ⁊ de ce recois drechonsz
1134 1980 2381 2104 Et quant elame uit que henris ly drois
1145 2053 2510 2166 Estoit tant houneres quil estoit clames rois
1129 2116 2383 2224 e dist a son meisuies et saente uraie crois
1132 2162 2429 2267 Car donnesz uolent che princhi de mauois
1138 2214 2579 2339 Qui mez uausit auois chr serait bianx ex plois
1138 2293 2273 2394 Afyn quil me fesist roine du terois
1134 2332 2574 2461 Et heuris daultre part prusans tasis et coiss
1134 2398 2491 2530 Re gardoit le baulte elaure cestoit d droir̃
1132 2451 2445 2589 Car il nauoit sy belle Iusquau Rgnr grigois
1134 2530 2393 2647 Poult desiroit henris ly demaisans courtois
1127 2562 2466 2720 Ramort de le quielle sen estoit mouit destroit
1145 2654 2508 2773 Et keul ⁊ uoitilliers dont plus y ot de trois
1132 2716 2160 2840 Aportent a mengier elame celle fois
1134 2750 2646 2902 moult menda uolentiers et but uni que fu frois
1175 2808 2696 2941 et ly pous ly trenchoit ses morchiaux moult courtois
1249 2852 2768 2989 noef ẜ castel sus chine dont liant nest pasquoit
1217 2923 2524 3040 stu elame le belle quo mengier sesbanõie
1136 2962 2678 3100 Eet heuris ly trenchoit les morsaux pargrinit ioir
2356 3454 2988 3613 Regarde la Reyue
