3104 4140
1244 841 2563 972 r Rainse le brae dout Ie fai mersion
1267 901 2689 1060 Il acole et le baise cent fois en uiireandon
1260 977 2425 1090 Et Regretoit elame ale clere fachon
1256 1023 2586 1150 Et authome plouroit se main a sen menton
1260 1083 2549 1212 erris a cole brisse disant amoult hault con
1251 1143 2857 1294 prans fiena ou est teifron freres ne auẽ fay chelison
1247 1207 2475 1331 Asire chedist urisses que tant et de Regnon
1237 1281 2705 1414 Estes uous dont mes peres ditel men lo coison
1240 1340 2613 1476 Duil che dist ly rois nen aies seuꝑpechon
1214 1400 2816 1563 Et dont me uient careux bras dit brissi auandon
1219 1460 2577 1603 Chest le uras uostre mere que elame a auon
1235 1524 2441 1655 Eaupes ly fu iaduz par aant traison
1247 1591 2427 1706 lors ly conta heuris le fait et locoison
1224 1646 2450 1752 Rõ ment est auenu tout y fait mension
1247 1701 2597 1821 euant uy enfes lentent test se mest acenons
1256 1764 2551 1885 Nerchy dist ie biaux peres ientil pulararen
1219 1828 2330 1938 Noury auous este en grant que tuuson
1242 1892 2590 2003 dedeus une forest .uui ans en und̾ Randon
1219 1966 2404 2051 Auenques un herunt que felps ot a uoi
1214 2019 2676 2120 Rus un uos nourRrouua cõme poire garchon
1208 2070 2420 2171 Sat un ieux meteuoit en sa subresion
1221 2120 2630 2221 Et martez le nuegfiere garadr ddun lien
1233 2173 2616 2293 Noult bien nous asuoury tpoe le uoloir, Ihm̃
1235 2235 2494 2334 l tant he. uous martin parmy le maisdi
1203 2339 2600 2451 Pers uela men Rere quy ait ueuaistion
1297 2283 2254 2380 urisses sestria abeup le baron
1341 2396 2636 2509 res che a dit buists qui tant fu natures
1350 2447 2843 2580 uela martui monfrere qui tant pa est senrn
1214 2502 2526 2619 dont selena heury qui su rois lourours
1221 2562 2565 2686 Cacole martui se dist Rieus cha uenes
1194 2626 2853 2757 Mous esterle nien fieu se pray que dieux funes
1189 2679 2657 2810 Prisses ly uostre freres nous atous Rasenes
1189 2743 2738 2870 Far il porte le brachi que Iadur fu  copis
1194 2803 2593 2923 gcelame uo mere ou grande est ly uiantes
1178 2856 2554 2971 Cire che dist martin oi en soit dieux loes
1187 2904 2864 3049 Quant Ie suy fieus de Roy pouert danc mieuxasses
1205 2966 2510 3086 Mes uaenturs saroie se chou est uercteiz
1191 3035 2669 3134 kar ie ne Ieul. par sorequa uo fil me teuris
1221 3139 2832 3256 paris ficiis che dist qrurisi uiuors moy entedes
1458 3086 1509 3164 1
1532 3093 2639 3176 suy de soyr coiaumenengeuret
