3104 4140
115 650 1486 775 Mes par camps̾ conuerra les enfans doparter
115 729 1180 804 kusx que uous Aores escoute NLoir
266 793 800 853 oul Edoy ensant
941 754 1484 841 echiti de bainier
186 816 1481 913 Seas seruoit le ⁊ roine oly ua au mousier
133 867 1173 956 Et lion le dausel on le fait boutillier
133 915 1198 1014 Eusy que la estoient l loiel heritiez
151 945 1560 1055 or un parle mei de moult noble princhier
151 1007 1433 1108 oour marier ledame a ui ionte moult sur
144 1053 1357 1166 rionte de clochestre qui tant fist apresiel
144 1152 174 1207 4
197 1101 1410 1212 manda le dune par un sien cheualier
133 1156 1302 1258 qui le uoloit auoir aper et l moulier
138 1202 1265 1308 et saly ne ueloit le sien corpt̾oblegier
158 1255 1550 1354 ein ly ueneoit tantos cost sen uorume essillr̃
142 1311 1352 1400 le ly remanda nen doubtoit uni deque
144 1359 1208 1460 doiet uint ly cõtes le chite assegur
131 1396 1431 1508 et amenasreudliu mait noble cheialier
128 1465 1297 1561 ar souuerains estoit et ot a iustichier
142 1508 1339 1628 e tirre dengleterre ⁊ deuant et derier
154 1596 446 1688 y abis sen
494 1559 1562 1665 Cu partis poirquerre se moulloer
142 1612 1145 1741 nsy quaues uy ou liure Rekaitier
147 1653 1734 1789 n queus a troit sen peuple uault uamẽs approchier
135 1718 1571 1837 et fist deuant ee uille maint paullon drechier
135 1764 1398 1885 et e fort a lemant pour leur roine aidu
174 1800 1516 1934 oient souuent horps pour faire destourbier
773 1851 1440 1938 uu moult estount fin
156 1888 713 1977 gent bengletedoi
793 1902 1500 1987 ⁊ mauit estour plemer
140 1934 761 2037 Sy et mauite uaitaill
115 1948 1445 2097 Et si couuient mant hõme morer et demer
354 2000 1438 2120 Quant bamere ielle chite authu
209 2051 1562 2185 u liz quens de clochistrequitant et uarõme
135 2102 1371 2249 Rutou le chite ot mauite tente drechu
142 2136 1566 2311 et su par les engles moult souuere assallir
140 2212 1419 2355 e dame fu deseus dolante ⁊ sourechur
128 2277 1449 2412 Oussy estoit foruient doleute se maisme
126 2329 1369 2467 Etla alans chlr et iu grant uarõnu
161 2373 1523 2525 et uansissent moult bien nel teues a folie
131 2481 598 2573 Eue le dame si
639 2451 1306 2543 fust bouemiut ottroie
803 2497 1389 2578 ni sant ot barõme
124 2525 724 2633 dionte de clochestre
149 2550 1394 2679 nes clariande iure le fil sainte marie
126 2603 1449 2720 eue Ia reatue laumen nul iour de sa un¬
133 2654 1461 2773 euse ment fu lont gaurps le chie assegie
126 2714 1235 2817 dant que uitaille fu en le chite falie
142 2750 1525 2863 et que mendier mouoient syquiz listoreiei
158 2806 1224 2916 dout Lu le rome durement esbaie
170 2845 1553 2953 ⁊ ploilroit toute iour eisecambre uantie
128 2907 1352 2999 uras la loit confortant et disoitale fu
115 2948 1555 3079 Dame reelaines diei ⁊ le uierge maria
