3104 4140
177 947 1152 1053 Pouuent disoit lasse dolente
393 995 1424 1117 t bien drois que ie me demente
223 1048 1228 1173 Euant le charque Iouay nouru
213 1106 1152 1216 Inay eusement seulle laissie
193 1159 1237 1288 Caue parent suy nay nulamy
326 1232 1132 1327 puis bien dir las aym
239 1278 1419 1391 non eufantanon amy aee a non pere
236 1338 1069 1430 tue fera ta ds lente aur ⁊
223 1377 1336 1490 Eiu est forment aristie et marie
225 1428 1359 1552 Euant iay perdue ma apaignie
310 1501 1120 1603 Iespan qui auent mon fu
227 1543 1254 1653 Fuaist on cot en le croieperdi
266 1607 1244 1711 ly me liueras pour garder
257 1667 1256 1773 Et ser uoli de moy seuerer
255 1706 1385 1837 lasse ne me scay quel part traire
227 1768 1237 1883 Croray amontiar degraire
370 1853 1072 1938 aus a grant martara
271 1876 1231 1998 uy le mere au souuerain fire
230 1941 1201 2060 Depus que di eux Resussita
370 2010 1184 2113 les portes din̾fer susa
276 2070 1166 2171 ainte uasse ꝯpaignie
276 2122 1210 2228 x cuid et moult ly sũ amne
414 2187 1231 2283 e lons che quelle sauoit
322 2256 996 2343 en pooer be cõfortoit
285 2306 1244 2394 a mere dieu lorment soupore
271 2364 1440 2456 ar moult aubit or cuer martire
292 2421 1256 2513 duuent ꝑ lorroit et demissoit
271 2481 1309 2576 aueuer grant desplitsiz auoit
370 2550 1221 2638 ioua entra en un gardin
266 2599 1240 2693 la donche uierge et omrir
236 2654 1293 2750 Suz lerbe uirde sest estendus
278 2730 1136 2808 res que nest pasmes quilte
283 2776 1026 2875 lu Rleueradet amsy
301 2847 1132 2925 ion fil et anon louc Lamy
301 2891 1168 2978 ue fera la lassi rdolente
296 2950 1092 3038 ei atry sy se demente
427 3006 1159 3088 excoy ne suy secorrie
299 3061 1212 3132 e langune a grant destouuen
278 3114 1311 3196 ne foit end̾er e t sanfrir
503 3178 531 3305 ;
556 3167 1217 3277 suy uoir de mortz
280 3173 462 3284 ei ui
1594 825 1635 919 3
