3104 4140
356 685 1847 781 e nest mie merueiller selle ot mł̃t a porter
260 749 1649 839 Et selle sesmaiet on ne le doibt blasme
255 795 1741 894 Car na si hardi ceur si loing con xeult aler
248 857 1803 954 Que sil fust en che point mẽ fausist esfraer
255 926 1774 1011 Et dieꝰ dist le Royne qui uaulsus a umubre
257 986 1670 1067 En le uierge marie tou corps etorporer
262 1030 1767 1122 Eet prendre corps mortel et en uoꝰ figurer
264 1085 1668 1189 ui come Ie le croy Iustement sans eruer
266 1129 1847 1244 Sesme ueullies biau sire de che peril Iecter
271 1196 1859 1308 Et si te ꝑlest que niugre ꝑdon te ueul Rouuer
255 1251 1638 1366 Parquey li am mys nay ent a gouiẽner
266 1294 1778 1428 Marme dedens Iuser q doibt tant Redoubter
269 1354 1764 1488 igenoulz fu le belle uers tre uault clinir
264 1423 1652 1543 illencq̃s qut a dens que scoze sRegarder
269 1490 1856 1603 le mer qui fu obsture la cõmenche a plourer
266 1547 1564 1653 Dire ses orisons et ses uiens Regorder
264 1609 1840 1713 Et prier pour sen pere qui le faisoit greuer
271 1655 1884 1770 aru disant gentreux ssois dieꝰ ie puist ꝑdõner
264 1718 1900 1826 Le destreche et le mal qui me couuient porter
271 1775 1721 1888 ha uentris maistresse ie ne scay q̃ peuses
294 1837 1737 1948 Ie croy bñ que mer per uoꝰ fera endurer
285 1879 1794 1998 dame deul et tourmẽt Iesne scay q̃sperer
271 1941 1829 2053 Oo. che Isdoughe amie q̃ sue uaulstes gurder
269 1991 1843 2104 la se uault le pucelle lus duuelsois paster
273 2053 1831 2164 Ser gentreux marõmers le prista eosorter
273 2109 1700 2214 Et ly a dit belame laissier uo dementer
278 2162 1845 2281 Dixux uoꝰꝰ porra moult bien encore cõsorter
384 2212 1838 2323 asement uolt elame piuy le mer nugier
296 2283 1822 2375 Ien paine et en dele ⁊ en gũt encombrier
266 2323 1803 2435 uoenca luy nauoit quii tout seul murõmer
278 2380 1709 2493 Qui le Reconforta pour lui a sRapaisier
280 2435 1658 2548 Et ihũs uault si bien le uaisset auoier
285 2493 1820 2605 Que le dame arrina en un pais ꝑlemer
287 2543 1942 2658 ton clamoit uantembron puie le uantõ cagier
306 2599 1978 2725 The non sa anom ftãdres bnĩ le puis tesmoginir
271 2670 1537 2778 Loy y auoit a dont qui deuoit leriter
278 2714 1935 2833 Mais il ne creoit point en dieu le droiturier
326 2769 1870 2893 e ne faisoit le peuxle quil ot a iusticier
306 2824 1778 2953 Cestoient mescreant ⁊ paiien lo sengier
338 2886 1762 3001 l ung port aria le sroyne o corpe chier
283 2934 1923 3093 Asses pres de che port y auoit ung monstrer
