3104 4140
1417 793 2735 929 Ror par muy fu no mere laidement affolee
1396 860 3007 1005 t. ien conuent neisse par le uierge hõnouret
1415 929 2765 1046 amen pere uaillant qui tant a renõmer
1403 979 2616 1097 Que maluelferoie me foy en fu iurer
1518 1039 2772 1152 uste ly caupaisse de men traichant espie
1410 1101 2781 1212 fuiit iez contes lencent sa le coulent mint
1394 1154 2551 1265 De che sesmeruelle que tel cose a contre
1380 1214 2593 1322 Et quil auoit le char sy hardie et osa
1385 1260 2864 1377 Que de luy maucchier uoiant se gent doubtee
1378 1322 2494 1432 dont ly escria amoult hault alenee
1380 1373 2848 1499 Uassanx che dist ly contes que meus tel pouet
1378 1428 2779 1568 Que uous aihe ineffait Pour auoir tel sandee
1369 1481 2526 1596 et quant urisses lentent sa le lettre tire
1380 1534 2632 1649 Que ses peres ly Rois ly auoit deliuree
1371 1580 2464 1695 Oconte de clochestre la esrant pñter
1352 1642 2699 1764 Coutes che dist ly enfes oraies Regardee
1378 1701 2577 1819 Seste lectre Roiaux qui est sy bien signe
1375 1761 2623 1897 he bien laueo poullute et tresbien ainsee
1357 1814 1845 1915 Nous sares qui
1495 1881 2625 2017 isses ly gentiens enses uelettre deisa
1974 1846 2643 1954 uy et dequelle ꝯtree
1428 1929 2634 2072 oconte de clochestre qui tresbien aisa
1392 1982 2731 2122 le droit signe du r̾oy mes ponit nesyfia
1396 2042 2531 2171 iusqua tant quilsera quelx letrre dra
1369 2097 2680 2231 Ila le brief desclos et dedeus Regarda
1355 2164 2678 2304 EEt treuue le salnt que ly coist lymanda
1364 2221 2820 2355 Cõment aquilt elame aes point rouue nela
1357 2277 3028 2431 Et cõment de deus tours ses deux enfans trout
1339 2343 2959 2477 Ie quoy chieux est ly uns que le briet ly uailla
1318 2408 2871 2536 Et maude que du froche che que on mandera
1320 2465 2814 2589 Sdme aloir de le terre que heuris engeia
1320 2516 2680 2638 En le courtoise elame que derp en aporta
1352 2582 2648 2688 y augtres est a tours entqurame decha
1336 2624 2922 2760 Duant ly quens de clochestre chest a faire auisa
1325 2688 2560 2806 Ru suge qu il seoit esrãment se leua
1382 2762 2609 2852 euant urisse lenfant aie nous seieta
1306 2806 2583 2898 Oroitement ases dis et querchym cria
1385 2858 2519 2957 tadit as baroue festiona chetuy la
1375 2911 2899 3024 qest uno des firux elamne tois heuris le gera
1327 2971 2793 3077 Fqe sere no droũi sires quant ly crois fiuera
1415 3026 2682 3123 uant ln noble Baron out lis parlis om̃
1341 3081 2940 3224 Du cante de cloclustie a geuons se sot̃ mis
