3104 4140
1382 669 2998 784 Eue dauie Ie ne scay sy lont que on puet aler
1371 736 2903 869 Ou mes cuers se pouroit sy tresbien assenper
1369 798 2837 931 Et ly dame ly dist qui ne ly uault celer
1336 867 2648 975 Sire sausy estoit que uausisres penser
1410 945 2850 1044 ⁊ prendee le mien corps sur samns puis iurer
1389 998 2712 1097 Ie feray le mien fil ains iii mois herber
1385 1051 2940 1184 Eusement dengleterre uoꝰ pores roy clamer
1359 1108 2724 1216 dame che dist anthomnes che fait acrrante
1387 1168 2577 1258 Ie seroie moult sos de cher don reluse
1352 1223 2710 1327 Puis sy adit idiement quel pot escouter
1350 1274 2478 1382 Encore dires el se ie puis esgarder
1364 1327 2913 1432 Pute dieux uous confunde qui fist et chiei et mer
1387 1393 2710 1497 Uous aues fait elamne ardoir et embraser
1352 1462 2857 1563 le quil peusa et dist pas ne le uault moustrer
1350 1520 2558 1635 Enchois a la le uielle baisier et acoler
1608 1582 2666 1662 fist au palais uenir et a destrer
1343 1639 2791 1743 Puis sasirent a table quant tap̃s fu de disuier
1346 1711 2832 1810 Qn ot fait le mesagier moult tresbien entainer
1380 1775 2655 1860 forques seul le romain et lautre qui conter
1350 1833 2567 1908 Gault au roy uerite cheluy laiston aler
1357 1881 2984 1977 Non pour quant tient ieos prison põ senfait aprouner
1350 1945 2685 2026 Et ly baron maingẽt prinche et bacheler
1415 2003 2586 2090 et apries le mender fist les napes oster
1352 2063 2669 2145 sy auan se partirrnt ly aultre uout quer
1343 2118 2712 2208 Mes authomes ne uault de le uielle seuerer
1343 2180 2705 2260 Ains ly moustri sablant de luy hõneur porter
1339 2254 2583 2327 mes ln pois ne cachoit que ly enganer
1359 2293 2448 2385 I rgme cudoit qui le uausist amer
1325 2350 2655 2442 Se ly dist sire rois ueullies moy escouter
1306 2403 2977 2507 Chainture aueez moult riclie uoellies le moy dõner
1336 2472 2692 2566 le moie uous douray pẽ en men non portes
1327 2525 2740 2631 Par foy che dist authomes che ne doy resuser
2883 2523 2949 2617 .35
1290 2587 2535 2704 a Ie chainture ly bailles⁊ celle sans cesser
1341 2647 2659 2762 y adõne betsien mes nen uault mie oster
1339 2720 2517 2824 le bourse qui yfu tout ly ua deliurer
1343 2789 2653 2881 Et ly pois sen chendy ⁊ se son uault parir
1329 2852 2671 2941 aldont de pluiseurs eo ies prakrent adenser
1325 2907 2634 2989 mes asses cost ly prent ly uielle a escrur
1318 2964 2705 3093 Et ly dist sire Ris uerllies moy raporter
2777 3500 3023 3594 ⁊ se ame
2728 2877 2827 2973 li
