3104 4140
140 850 1523 956 est tamps que du pere Ie uoisse Racõtant
82 906 1279 1014 õment Il cõquesta a lespre trenchant
94 965 1474 1062 elle uelle gent chite ou mainẽt mestcant
85 1018 1520 1131 on ua plrũ Ihir ihrin par droit non apellant
98 1083 1228 1177 ardy istoire ua pour uray certefiant
85 1115 1465 1237 bue che fu ly prenuers che Rrourrous noꝰ li sant
92 1200 1155 1294 Rui print Ihẽmn le chite auenant
105 1232 1555 1357 ioue de gens crestiens pour uoirle uoul treant
154 1304 1251 1419 roil auoit assy et derier et deuant
133 1363 1504 1469 qrin le uille ou tamps dont ie uoꝰ cant
121 1423 1548 1527 luy auoit authoine qui le cuer at uaillant
119 1483 1279 1575 t amourx descoche le hardy cõbeitant
179 1538 1477 1626 le roy de uourdiaux con apeloit coustant
133 1596 1320 1690 tmebre sodoiers qui estoient uaillans̃
368 1644 1553 1736 euant le chite qui tant ot renõmee
211 1701 1329 1805 du ett Ihrlm par droit non apelee
140 1754 1539 1851 ⁊ assegiet louc camps chesterite gouuee
138 1823 1341 1911 Schel ⁊ dis leuris dengleserre lel
115 1869 1555 1984 Naĩt assault pont fait et mainte assãblee
119 1934 1295 2035 nroy auoit dedeus le chite hõnere
121 2000 1426 2088 deuboure ot anon chest uerite prouuee
117 2042 1449 2145 auoit Plus fort Paien iusques en galile
1516 2010 1675 2122 Ne xx
188 2104 1320 2189 sieges fu deuant emuiron une ane
1507 2097 1635 2196 sest
142 2168 184 2233 .4
190 2157 1705 2256 ly cois ardeubourt et se gent hõuere ꝑbler
126 2210 1445 2311 effendirent moult bien de le uille leutree
117 2270 1456 2369 dii ne deur pot miffaire une põme pelee
124 2318 1281 2424 et de pain et de uin de frine buleter
115 2366 1474 2500 utlarens larguement ⁊ chequileuragree
128 2435 1405 2548 e rey beury qura le grant uirtiendinee
135 2497 1596 2610 me ne se partira pour uent ne pourgelee
126 2562 1523 2654 aront le sainte uille et prise et conquester
177 2633 1426 2720 euant ihen Igrlin firent uile frumer
186 2686 1642 2778 Et urunt castiel dde fust et maint tõ gariter
135 2750 1442 2838 ar on les deuoit uir cascun pirapoirnee
149 2817 184 2884 t
200 2808 1700 2911 dast et de coulonne celee uituile frumer
158 2872 1472 2960 t chil de cabarie qui furent alentrie
163 2930 1474 3022 riches rois constans a le chiereseneu
154 2985 1398 3081 loit ung iour alair par une matince
195 3031 1645 3123 es ung roy sarapnquiait malli curce
209 3088 1419 3203 moit nostre heut deleã une ualer
