3104 4140
1329 717 2650 830 Ie dame entre ou uatel et marie fula
1304 793 2908 919 Qui de cuer moult ppateux le dameregarda
1318 857 2747 968 Et ly le rome ly que moult le aregarda
1316 924 2788 1023 Auns quelle ses qui past le dame lachena
1320 991 2687 1083 Ie Rome a undl brach moult esteoit la cola
1293 1055 2604 1156 Et dist a diou manne adonques le baisa
1302 1124 2646 1214 Et celle pleure et mie coiques ne le aissa
1288 1191 2832 1290 Ars ly cortes y uint quandeux les desenera
1290 1251 2549 1336 Il enmane se meche ⁊ chelli sescria
1290 1311 2924 1409 Et dieu tresdouche dune mon corps morir sen ua
1302 1368 2600 1481 Ie prie a qlũ crist qui le mõde crea
1297 1444 2947 1554 Que condiure uous ueulle adonques sapaisa
1300 1517 2726 1614 Et elame le bielle spar my liaue sen ua
1311 1575 2839 1683 Eutre ses deux enfans le dame se coucha
1295 1635 2837 1747 Or le condine dieux qui se mort pardõna
1281 1697 2938 1812 Carains quelle Remengne ou pais pardecha
1286 1764 2972 1892 pouffera moult de paines et grant mal endura
1293 1860 2618 1977 Eusy quen le canchen en uous recordera
1283 1925 2933 2046 Ou conte de clochestre e mien corps uoꝰ dira
1357 1994 2825 2109 tui en celle mutie a fait apareilier la
1297 2065 2807 2173 Nun sy que deux enfans et se les figura
1350 2127 2933 2237 edraquaux et de boure au deuxs les ordena
1293 2187 2802 2302 de iaubes et de pres et puis se les uailla
1309 2258 2786 2371 lse meche le bielle et quus adien pria
1283 2323 2823 2421 Quil ait lame dely quant du cerps partira
1419 2392 2945 2502 y contes de clochestre qui tant ot hardemen
1362 2463 2781 2569 roit a laube treuant se listere ne ment
1334 2513 2834 2626 ist uestir se cousme du propre uestemeit
1288 2582 2745 2693 Elame le roine qui tant ot le cors geit
1325 2651 2779 2755 e brat de se cousine enfruma uisteurent
1408 2730 3023 2829 i ung moult riche estring et le uesty uriemuer
1281 2796 2774 2904 Dune manchi de drap qieal canpa coiement
1281 2875 2487 2966 Qui fu ale romre qui tant ot dessient
1277 2921 2896 3031 Mruer a fait se moche droit ala iournement
1279 2980 2653 3116 Dedeus lile lemeꝵ ꝑt fist cõmandement
