3104 4140
184 929 1739 1032 iõme dieut les dames poit quoy Rquieramecy
172 998 1566 1074 Ouqueu̾ pir de ca uis fiens ne nous queffesie
296 1051 1520 1127 ay fair uoi dist Il iay nõme uestre fili
174 1094 1458 1175 uant uiue en cest estel sy com mon est aues
216 1138 1511 1214 onquer pois ne uenister soul cex d gres ycy
186 1186 1426 1260 pue coutes deux ne partisies plourant d ꝯ
184 1230 213 1283 I
329 1230 1525 1304 uous ay couraet sy uous en Requier merchy
179 1269 1385 1350 Car Ie crespasseray uriofment ie le uouat dy
184 1313 1497 1393 Euant ler damxu louent sont de quer ploure
190 1363 1523 1449 nouit doulcement ly ont che meffait pardõme
197 1400 1254 1499 alourant sont pagies ⁊ Il est d mourer
213 1437 890 1536 en ans entiere y auoit ia
218 1478 236 1534 ¶
276 1483 1132 1570 enit aucant esse en eras la cite
213 1522 1415 1616 onquee ne uut de un ne ne iut en uon lit
236 1573 1488 1665 sanc hout qui sentoit son cuer moult a feulis
211 1621 1288 1704 pie la son leiguour ⁊ ly uist doutz aune
213 1669 1445 1759 oire certane biaiys sire ie moray le mocani
204 1704 250 1770 e
257 1713 1329 1803 ne tay que doui⁊ ne argent ne or fie
218 1745 1300 1844 on sermce te Regrie celuy qui est sant fui
193 1798 1682 1890 neelpoi dier ales me quenre encre et uonparquam
213 1844 1484 1934 uant le sergueut lentent sy en eut grant pit
204 1885 1267 1980 poier lamour dalexis qui estoit en ale
209 1927 1555 2046 eul ent quant eclei entendy quil seroit trspasses
207 1975 1104 2067 ncre et parcemin ly ala aporter
204 2028 1191 2116 dont saint a lexis escript toute sa uie
209 2074 531 2143 inis ploia en
556 2083 593 2157 a
207 2120 1495 2208 ont espousa la uielle que poir dieuot guerhe
605 2095 1297 2166 ieptre de lamel l moitie
209 2162 1477 2277 e bries mist en se main qus dist auois ferie
220 2212 1334 2320 iul uoloit Recheuoir le soulx sorps Ihũcres
209 2254 1491 2362 out prist Il ses deux mains sy ies mist seer son pis
216 2304 1247 2410 uont ly Rois dee fou son augle ly Rant
225 2343 1180 2467 sant auns en as enpara dis ton lit
204 2385 1346 2502 pries uint une uois pariny Rõmeiriant
220 2431 1484 2557 ne dit que faces uous pequeiet tout meskreant
223 2477 1288 2592 ne uous nales querir le uhũcist sornant
220 2527 1428 2633 ne Ce tout de rrouuores ly penit et ly grant
223 2573 1293 2679 ne sera maintenxit de che siecle partia
207 2633 1440 2725 ur une nace qist moult est poure chieux los
218 2670 1426 2778 ont le ꝑ enple de rõme enfu tous esbahis
195 2714 1343 2822 apostole de rõme Requist adieumerchy
207 2778 1318 2870 aint yuocent estoit pape aycel campo
202 2819 1649 2927 auoit deux cou en cõme que moult furent poissans
207 2875 1424 2964 un fu nõme de aquer lautr houere ly fram
236 2921 1633 3024 hel deux estdient frire ⁊ furent moult engrans
202 2960 1534 3070 de trouuer le crps saint dout le uois ent parle
207 3001 625 3070 out le peuple
209 3045 734 3114 oue uois leur adt
717 3033 1325 3088 Regeist le sainte eremt
826 3065 1274 3139 lne soroit trom
204 3081 1063 3173 fora sui otement conrde la che
