3104 4140
1435 1046 2864 1147 Et puis a haulte uois luy cõmenche acruer
1394 1113 3000 1221 Par foy malion dist R tu ne uans un demer
1548 1175 2816 1278 ihon dist auaraddin tu y es tropendormis
1288 1265 1412 1412 nns
1493 1216 3021 1338 Car ie perch huy mes lpõmes ⟦nee me tre ⁊ mõz
1447 1281 2710 1377 ouss que tu me faulx ge te seray salu
1468 1327 2567 1426 oremait en auant crc ray en seqmca
1449 1382 2802 1467 l uint en le prison lesu ey cris heuris
1456 1432 2848 1527 dantost le deffrumast en le prisdu sestans
1445 1481 2680 1593 ihaulte uois pescrie sore Roil pestaus
1530 1543 2924 1646 mes corps nest saunes par toy ie suy hõms
1412 1596 2837 1690 Inachite est par sue en certain le uous cdis
1463 1653 2830 1752 y crestien lout prise mes perples est saisin
1447 1701 1491 1764 e
1525 1699 2913 1800 uenil crotre en uo dieu mahõmet ioi mandit̃
1405 1745 2788 1851 Dis ly roir denlerterre uous aues bon am̃r̾
1493 1805 2906 1902 des que che soit uoirs que ne soie esgariis
1451 1856 2781 1952 ire che dist mara dinũ de che soies tous ps
1415 1922 2630 1994 uous uioie ⁊ garant pre rois postais
1394 1957 2862 2040 Dist le roy dengleterre uous estes bien garis
1603 2012 2834 2104 preng en garde Ia ny seres mal mus
1421 2097 1438 2136 a
1484 2060 2906 2145 ⁊ ly uous roie authoine ⁊ martair ly gentis
1514 2106 2913 2212 trestonte beur gent lel granã et lea petis
1451 2157 2913 2267 ares entret en uruges trestout a leur eeme
1442 2224 2756 2323 a su ly gaples fiers et grain uy ferais
1405 2260 2954 2378 Ruelemẽt le deffarent ariche eraoñ feirbis
1396 2332 2917 2433 Iee che ne leur ualy le uaillant nͥ parsit
1693 2405 2751 2486 brugre ꝯquise le Riche fruete
1514 2442 2991 2539 lm uaillant quis custien sont par ddens unte
1401 2495 2731 2582 Eet rames et eusaii que Ilolt encontre
1456 2548 2784 2631 eman doient no gent sil rreoiont en det
1560 2603 2885 2686 il dient neml ly chies ly soe caupr̃s
1380 2663 2896 2741 Et chil qui ueullent estri batiscet et lem
1438 2709 2862 2799 ⁊uant Il crient baqtesue Qu mort sont
2936 2697 2988 2764 .
1440 2766 2827 2852 dar my le uile queurent no baroni nanere
1440 2815 2795 2909 Al sarasme amandent ou a on enfrume
1486 2877 2595 2953 ache a̾ oy houry ou tant arbiaulre
1463 2930 2883 3010 t on leul a cantost enseiguet et monstre
1445 2980 2768 3063 e toier ont deffrimiee ly goi en sont oste
1426 3033 2784 3111 ieury et maradine ont eusamble troue
1403 3086 2763 3176 itant et uous martu et brisse ly senes
1394 3137 2968 3224 feuant heury les parchoit sa grant ioie menre
1417 3196 2715 3272 de luy sont l eup̾int baisiet et a cole
1693 3256 2903 3311 signeuir eufant or stay d uerite
1405 3291 2961 3401 seue uolu estrn my fre ie uourlay engrnr
