3104 4140
423 708 1808 807 eigneur par dedens londre le chite hõnerable
430 788 1571 867 espousa rois lieuris elaime lamiabli
312 834 1571 936 Maint noble baron y ot che iour atablie
331 890 1573 1002 e conte de clochestre contint a counestable
312 952 1562 1062 pist dencote le roy qui le corps et rẽnable
363 1011 1663 1108 y rois recarde ulame que sy ot le corpsable
324 1069 1445 1168 t amir dist il que uous estes estable
338 1129 1417 1225 Ie pair a iliũeist ir pere espergable
312 1177 1909 1285 Suil noies doint pais ensurble et qoie pourfitable
306 1258 1744 1350 Car onques mais noy en laullion qie en flable
299 1315 1541 1419 Aparler de sy belle moult estel delitable
301 1384 1608 1481 Mes iau ay une mere que fust ore odiable
287 1451 1787 1545 Gar ie int doubte moult que ue sait poseable
294 1504 1741 1598 Euuerd me doulle aune coirtoise et liounerable
299 1554 1654 1662 Eusy disoit ly rois que le cuer ot regualle
294 1626 1741 1731 Euant uint apres mengiet ly auꝙt amoira ble
292 1697 1716 1787 put fait les uous destrielhenseller en lestable
285 1761 1553 1849 Paur fari le beliourt enle chite estable
407 1819 2006 1913 uant uint apren digner pour le tamps rffec Resoir
368 1874 1693 1973 Galerent cheualiers armer et Eser uestir
273 1936 1557 2026 Pair le chite de loidres le ueissies courir
308 1991 1649 2079 Ilres cheuaux enseller et ches laucles saisir
317 2058 1525 2141 y rois uint a sa mere et ly dist par loisir
292 2122 1891 2214 Dane pour dieu uous pry que pour nous uault norir
294 2182 1757 2279 dua ilieste damoiselle que bien me doibt souffiir
292 2251 1626 2329 Ne ueullies dere cose dont auoir puist anr
287 2306 1578 2378 Et li uielle respont uous aurs bel taisir
285 2369 1612 2454 Car enchois me feroie en candiere boulir
287 2424 1583 2516 Eue ie ne faclie cost aiil que doie fenir
285 2493 1511 2585 Dr quoy ie uous feray a dolrur de parte
283 2569 1635 2651 Ne ie ne mentenroie pour tout lauoir de thir
280 2622 1668 2716 Dame che dist lu Roilz de uous mestait souffrir
283 2697 1633 2783 Car uous estes memere se ne uaus doyferir
287 2755 1737 2838 Melz de tant pores bien uostre erreur maincenir
301 2808 1461 2898 Et fare telle cose pour my fare more
280 2865 1612 2955 Ene Ie uous en feray dedens ung feu bruir
278 2927 1589 3006 Eusement dist ly rois que uans pors doir
255 2980 1723 3102 paer dieu il se dist uoir ql ne uault point falir
