3104 4140
1277 846 2554 982 Mal afola me more Il a fait grant falie
1277 922 2609 1044 ie le poes sauuer qul nait mort deserme
1277 968 2397 1092 Car se deutz messaigurs euist a une fie
1279 1035 2664 1138 Eue uous ly mandissies parlettre pourtraitie
1306 1092 2478 1191 ferce de uosigni et de uostre partie
1286 1147 2466 1248 Ne aust palauoirdorẽ saine essiblre
1281 1209 2666 1306 Mais de uist auoir quoy que nuls hous endie
1272 1269 2554 1357 Moute en hauct mes auent se barõme
1283 1336 2643 1423 Et tant fait que il enst uenu en põmente
1263 1396 2761 1490 Parlile de bonche a uous eust fait sens ou felie
1267 1453 2427 1540 Fet seu de certain le uostre felõme
1288 1508 2811 1603 pour quel cause uoulies que ime merefust urine
1258 1568 2528 1655 Gousy y fustale Ie ne men doulte ame
1265 1623 2556 1711 Ruit ly courtoise elame eust este hõme
1251 1678 2432 1770 Il qut trop folõmi ⁊ en ꝙcelle parte
1373 1738 2666 1819 pour chit en mora se dieux medõnt uie
1297 1798 2413 1895 e teste ly cauperay a lespee fourbie
1249 1858 2487 1950 Se Ia Ie ne deuoie auoir le cõpaigne
1297 1908 2604 2010 d dieu le tout poissant lassur en trenoiie
1226 1957 2673 2072 epe comment que il muere se mort ly ay qugie
1231 2046 2648 2129 Et quant ly Rois lentent teuremient en larome
1364 2099 2588 2182 uant ly bous pois oit son plsil parler
1373 2150 2551 2231 aes ly cõmencha ceste cose a blasmer
1247 2203 2616 2309 Iee l frans da moisais ne sen ꝓuoit cesser
1231 2274 2386 2350 Qu conte manechier et de faire tuer
1249 2329 2609 2421 Et tant le uout ly Roy et dire et smõner
1221 2389 2892 2488 Du conte de clechestre et de fu tit le bõte deuisir
1339 2461 2613 2546 cõment poist elamne de le mort Respiter
1228 2502 1348 2615 Est
1398 2518 2466 2608 meche marie en ung fu enbraser
1205 2576 2738 2665 Tont uaurent la endroit lerfant brisse euorter
1210 2645 2558 2720 Ruily Rirent son yre ung pilit audrer
1352 2702 2648 2783 uault deuant les rois le cont asseurer
1231 2762 2733 2856 kes che fu acrant paine qui sy uault tmoderer
1226 2826 2604 2925 y aches roi̾ heuril ua authoine apeler
1210 2891 2922 3003 Piaux Rieux che dist ly rois Ie uous uoeul demãder
1210 2962 2657 3065 Pui puisse un mon pais che damoisel mener
1164 3022 2508 3118 Para constautmoble apres anꝙy agaeder
1208 3079 2519 3169 Eet uous ares martin che gentil uacheler
1175 3134 2588 3247 Bire che dist hruris tout che laissier ester
