3104 4140
1320 965 2225 1067 ar elle sonffry plis de manh
1364 1039 2013 1117 fu crop plus marterie
1320 1085 2080 1177 ha ius en cest mortel uie
1265 1136 2116 1223 Iouques ne furent ly martir
1316 1186 2287 1288 uant son filz uit en le cots more
1323 1253 2128 1338 in ne set le quel souffoylue
1346 1311 1965 1391 emartire eu sy on Ihus
1369 1359 2098 1455 pour y tant mltre passa
1346 1419 1921 1485 t le iii chirel troua
1325 1458 1992 1536 u ly eluatize listre sont
1293 1497 1306 1570 3
1323 1504 2029 1591 i, le trour soustenu ont
1382 1563 2061 1639 ne doit mie demourer
1334 1603 2225 1685 ar on ueult dire et prouuer
1270 1662 2190 1741 quen cant qmie chaiueroy
1334 1715 2220 1800 es e uuangelistres mousteans
1306 1773 2139 1842 es euangides et nõmans
1300 1816 2225 1904 Et casiume diaux le rescripsoit
1279 1874 2013 1945 poier tant sy clere apelle
1281 1920 2165 2007 Sy que les uiergene de uoute
1325 1977 2190 2051 lueut yaux ne ee moira mie
1329 2030 2077 2095 luchosis auonta en le parta
1316 2067 2275 2166 Des apostles etes Bon uͬ chiel
1302 2127 2075 2208 Ou Il na ne atuel ne firl
1297 2180 2146 2260 Uais tout oultre le trespassa
1346 2226 2107 2306 en cely lieu point naresta
1341 2274 2011 2355 ar miul sy pste ny aucr
1394 2327 2176 2408 trestout quanqueil rauoit
1323 2378 2063 2451 que son lyeust demande
1341 2433 1939 2502 eu fiuy et cpure uerite
1352 2449 2211 2546 ie eurent enque efait qechies
1346 2511 2280 2617 aul neuissent uien Resognet
1332 2578 1994 2658 lire neuil aueui marie
1385 2608 2238 2716 e peult uien uanter sanafalre
1375 2668 2379 2773 ne onques iy faens corps ne qequa
1389 2739 2277 2824 pour ytant le purmoutte
1398 2792 1435 2870 7
1465 2792 2215 2881 elorpise mergene amee
1279 2746 1316 2941 i
1392 2845 2139 2941 Est au uiͤ chiel montei
1470 2900 2229 2994 a estoient ly prophete
1433 2971 2077 3052 ln patriarche houeste
1366 3024 2015 3098 runt ont fait inclination
1348 3065 2192 3157 le soulche uierge de non
1357 3125 2259 3215 elle les trespassa urrefment
1346 3180 2126 3254 oint ny acrut durestemen
1329 3217 2128 3334 Carelli su taut sograge
