3104 4140
280 887 1801 995 cresbiaux ly fautrat sambla grãs ioure et menbrut
200 963 1484 1044 uꝰ dar damour ly est parmy le suerifernt
301 1021 1290 1092 u qant le belle qui fu seur amonr
271 1055 1640 1150 Tuant elle perchut brisse con oxensy seruy
128 1115 1504 1214 Oy Nesbiaux ly sambla pour uray le uous afy
144 1168 1293 1269 Eue forment gnmuoita le damoy el Ioliz
184 1235 1594 1322 t quant ellroy are que fieiye estoit henay
246 1294 1504 1386 seigaeur dengleterre a dont plus lenchery
283 1350 1723 1442 est en luy mesgne uray dieu qui ne menty
170 1405 1451 1504 far penisst aue ne queisse untel mary
202 1465 1295 1570 t fuisse bapaisie dieu sil estoit aisy
207 1540 1196 1619 aul en aueroit piant et esbanu
266 1598 1226 1678 urisson enmament R felon araby
179 1639 1566 1736 ehur luy arauez tramer furentt̃fri Wy Ronchn
161 1692 1136 1791 ormans fuet sy hõme auent luy
1398 1688 1629 1805 mõtii
266 1759 1346 1846 Iure mahõmet qui a sen cuerpleny
200 1812 1375 1904 ne mais ne mengera sara brisse lp̃m
147 1862 1247 1959 atant es lidane qui uint parler aluy
138 1913 1523 2012 Siaipo Ree dist le danie encor qterbes amy
144 1977 1398 2056 Eu as in aestan qui sont cy amy aumy
147 2021 1410 2113 mee gaux a essillier naras de moy latry
144 2086 1438 2180 Car sil aue noit cose nestien qui sont hardy
156 2134 1601 2228 Mrenguent de no barons qui sont ly mien aum
151 2196 1626 2293 dil stenent que leur gent soient ossy mal bailly
161 2260 1415 2352 e nen narout de port quil ne soient pery
92 2320 1594 2419 epon conseil carpour bien car pour bien le uoy du
144 2385 1424 2470 miettes lr̃e en us cartre ou ql soeut pourn
195 2442 1523 2534 t uaient forꝑ du pain et d lane atressy
204 2497 1304 2587 y soient chũn iois tresbien batu de cy
135 2548 1352 2633 Or Sancun cirtener qui arais estably
223 2612 1619 2709 roy uous ⁊rengeies miens se li faites ainsy
218 2672 1454 2771 ne che qua une faist fuissent ainsy feuy
119 2723 1583 2838 Pasne se uenge bien loiauenent uoꝰ pleuy
161 2789 1293 2884 y oue quant Il ucis le sien fel aumy
170 2847 1693 2976 pui est mors ql est mors nest pae ue uenganche chy
218 2927 1343 3024 req miemp ce uengera ainsy que qu
266 2978 1612 3084 ois che last ludiant sepue te ueno uengier
338 3045 1571 3153 ded᷑ faulx auemie que tu nas miechier
135 3111 1470 3226 ne ers mie amort che ne uaust ⁊ demer
