3104 4140
1619 602 1711 717 16
356 699 1776 795 Et sarasins Retraient cascuns moult se courchoit
368 758 1762 848 Ecachus uien de celtain que il auoirnt Croit
347 809 1647 896 ar ly bons pois heuris lorment les iassioit
352 862 1769 954 lespee treuchaiet et deuant les cchoit cachoit
349 919 1679 1002 En lentrer en le uille ses peuples le srruoit
354 968 1297 1048 la lgoient paiien ⁊ on les ocasoit
506 1030 1477 1106 alle iourure su le bataille fiere
457 1087 1778 1154 no cheut uout on cachant cheile cent lozengier
358 1124 1746 1209 ar leul forche aut passes le pont et li Rmere
347 1177 1635 1267 Et dedens une porpe fu nui se une banuere
342 1232 1774 1317 suede du lupart nauoit ensague ne mainere
347 1288 1895 1380 siml yauoit noisettel ma̾s anchocs auis ꝯmoy hariere
338 1345 1509 1439 R tourne pois hucril ale hardie chiere
340 1398 1709 1506 Con quera liss lupars dedens bataille fiere
476 1451 549 1552 ne
648 1478 1734 1561 ln oyr que sont en tumẽt la mamere
329 1527 1539 1614 Ensy que uous ores en lestoore legiere
345 1589 1700 1676 Le uataille fu drans tout parmy le quariere
347 1649 1882 1743 le porte our conquestee mes che fu le preniere
333 1701 1716 1796 Eu lechite entrerent ny a cel que ne fiere
331 1757 1656 1851 De le paiene dent pot tant mis eubiere
324 1821 1879 1908 que par le chae gesont sans aultre chumenture
319 1890 1840 1966 Dieux que ly rois henris auoit lie le chiere
333 1938 1854 2028 Euant il uit les paieus souffey telle hagniere
324 2003 1530 2076 Oe tuer en aoura le uierge tresoriere
315 2056 1640 2141 Par le chite srioient crlle gent lo sengere
322 2111 1799 2198 Et uout par lesz crestidde Iecer qus mainte pre
308 2173 1748 2256 Iles che ne leur ualu le monte dune oziere
315 2233 1500 2318 Prise fu le chite ⁊ deuant ⁊ deriere
586 2286 1877 2382 ⁊ boulon gne prise lu grant chite maiour
393 2327 1909 2442 Sarasin ysont musz mort et tout mis adoulour
312 2392 1672 2479 Seureez chier que le uilli eauiron ⁊ entour
280 2456 1654 2555 Puis apris liement au uespre sen seiour
299 2520 1635 2608 Et la fist establir ly rois sans mul demour
315 2571 1541 2674 le preaeuse eglise le mere au creatour
310 2649 1734 2746 Ou maint boni trestien out este par douiliour
310 2709 1580 2806 lealise nostre daine ou tant et de ualour
319 2778 1656 2863 Ordena et ly uous Rois au non du saueour
322 2831 2004 2932 Iuis ne fu ptis puis le uilleule gent paiennour
342 2888 1665 2969 y rois ya laissiet le gent de sen contour
315 2948 1732 3058 Buy de pins coyquesterent le pais tout en tour
