3104 4140
64 867 1645 982 Pont tu alacteras le corps dieu preprrement
82 942 1626 1044 Et uous Respondesites moult gracieusement
103 1009 1336 1104 uchelle suy adier ⁊ amne ensement
149 1081 1631 1170 puer faire de moy tout seu cõmandement
108 1136 1585 1251 En che disgne parler cõciustes. dignement
117 1207 1626 1315 e fil de dieu le quere trestout uirgnalmuent
156 1292 211 1377 A
236 1288 1560 1380 se nory een uour u mois entrerement
121 1352 1410 1435 due le bestourner entrde auon buerment
110 1414 1543 1499 dar eue fumes muis en qruel dampnement
131 1474 1532 1563 t qar toy eusmes nod Regne sauuement
105 1527 1817 1651 par le saiu deue nous galist mettemeut quellemẽt
115 1596 1224 1681 ame nous ainst nuort et qe dams
138 1653 1707 1745 les Par toy ensmies nous uray resusitement
135 1724 1728 1816 u es eambre de pays et solans qui Resplent
133 1796 1396 1876 u le mõguoie fu forgie akoprement
165 1844 1447 1936 quelle Iu paie pour no racazement
133 1902 1566 1994 y auomy diiser en surent moult dolent
117 1968 1401 2056 Dar leur maison en Iu brisir laidemen
161 2007 1578 2106 ly amy de dougini sy tresloiuement
112 2067 1389 2162 auorent este moilt augcoussens ement
131 2120 1635 2219 daradis lu ouuers a yaiho tout Ilainement
115 2185 1396 2281 Iroit alissension mouta au frermainent
117 2249 1339 2346 cale pente couste confortas te gent
124 2300 1550 2417 En sambianche de fi qui alume et estplent
179 2382 1608 2486 Puis fesist Raie te mere digniment
142 2442 1557 2559 et la fu a destrie des angles noblemen
96 2518 1813 2645 Fourone es sains chiens dales toy haultement
89 2608 1398 2709 Sire ensy ꝯ ie croy quil adant ensement
140 2658 1647 2760 ⁊ que tis firs auenches ainl le aruchiifiement
108 2748 138 2803 I
161 2716 1493 2815 e saint archedeclin que taus lorument
154 2776 1769 2891 y uray que pour le court epauchier noblement
133 2845 1258 2964 esp de liane uin et apres ensement
103 2900 1721 3017 Sõmirenas le tien peuple ui mule Alaicement
216 2969 1511 3081 Pans et in poisons nyat oignement
131 3052 1161 3137 Et .xi corbelles yot entierement
147 3075 1445 3187 e uelief demgierant sire sy faitement
126 3139 1746 3272 pine est uray dous diipo ⁊le croy rusement
