<?xml version="1.0" encoding="UTF-8"  standalone="yes"?>
<PcGts xmlns="http://schema.primaresearch.org/PAGE/gts/pagecontent/2019-07-15" xmlns:xsi="http://www.w3.org/2001/XMLSchema-instance" xsi:schemaLocation="http://schema.primaresearch.org/PAGE/gts/pagecontent/2019-07-15 http://schema.primaresearch.org/PAGE/gts/pagecontent/2019-07-15/pagecontent.xsd">
  <Metadata>
	<Creator>escriptorium</Creator>
	<Created>2025-10-15T20:24:08.973578+00:00</Created>
        <LastChange>2025-10-15T20:24:08.973599+00:00</LastChange>

  </Metadata>
  <Page imageFilename="620416201_MS0742_0766_0065A.jpg" imageWidth="3104" imageHeight="4140">

    
    <TextRegion id="eSc_textblock_3197b481"  custom="structure {type:text;}">
      <Coords points="1470,579 1550,579 1587,634 1596,982 1560,1248 1652,1324 1688,1481 1670,1800 1560,1895 1569,2003 1762,2125 1698,2408 1780,2511 1780,2711 1863,2815 1863,2969 1679,3042 1378,3079 1191,3180 1083,3180 1074,3100 982,3052 82,3033 55,690 1274,662 1375,653 1470,579"/>
      
      
      <TextLine id="eSc_line_2f484d85" custom="structure {type:default;}">
        <Coords points="664,676 641,676 621,676 618,676 614,676 598,683 575,694 255,694 241,685 227,687 204,687 181,687 177,687 163,692 154,687 138,687 138,740 138,772 375,761 510,772 513,772 515,772 517,772 533,758 549,772 552,772 554,772 556,772 559,772 598,756 819,756 842,772 844,772 846,772 849,772 1003,756 1058,772 1060,772 1063,772 1138,756 1320,772 1323,772 1458,756 1474,770 1474,772 1477,772 1479,772 1481,775 1530,775 1532,738 1527,694 1447,676 1445,676 1371,690 1295,676 1293,676 1290,676 1258,690 1254,694 1125,694 1115,690 1092,676 1090,676 1046,676 1044,676 1042,676 1040,676 1040,678 1028,687 1023,692 1007,687 968,676 966,676 888,676 885,676 883,676 881,676 869,685 862,692 839,685 800,676 798,676 796,676 793,676 773,685 759,692 747,685 734,676 731,676 729,676 687,676 664,676"/>
        <Baseline points="138,740 1532,738"/>
        <TextEquiv conf="0.9926732107996941">
          <Unicode>nsemont cõme un diable estoit il foudes</Unicode>
        </TextEquiv>
      </TextLine>

      
      
      <TextLine id="eSc_line_fda201db" custom="structure {type:default;}">
        <Coords points="64,848 142,860 144,860 356,846 407,867 409,867 411,867 492,850 593,864 595,864 598,864 600,864 600,862 612,853 694,862 697,862 699,862 752,837 754,837 812,860 814,860 816,860 819,860 867,839 994,857 996,857 998,857 1000,857 1000,855 1019,839 1053,846 1056,846 1058,846 1083,832 1122,855 1125,855 1127,855 1129,855 1182,853 1184,853 1187,853 1217,830 1293,850 1295,850 1297,850 1300,850 1352,830 1410,846 1412,846 1415,846 1417,846 1500,823 1500,807 1497,768 1472,754 1470,754 1468,754 1465,754 1371,770 1369,770 1327,752 1325,752 1323,752 1320,752 1318,752 1318,754 1300,770 1263,756 1260,756 1258,756 1256,756 1217,770 1155,754 1152,754 1150,754 1148,754 1145,754 1127,770 1122,775 1109,770 1056,756 1053,756 1051,756 1049,756 1046,756 1028,770 1023,775 1021,770 1000,756 998,756 996,756 994,756 945,758 943,758 941,758 927,770 918,779 784,779 763,772 738,761 736,761 734,761 731,761 729,761 729,763 717,772 706,784 651,784 635,772 623,763 621,763 618,763 616,763 563,772 497,784 476,772 462,765 460,765 457,765 455,765 453,765 444,772 427,784 388,772 372,768 370,768 368,768 225,770 223,770 213,772 154,791 112,779 110,779 108,779 105,779 89,788 66,772 64,830 64,848"/>
        <Baseline points="64,830 722,830 1500,807"/>
        <TextEquiv conf="0.9756975929911543">
          <Unicode>Iauoit un fandestoet qui hoult fu esleues</Unicode>
        </TextEquiv>
      </TextLine>

      
      
      <TextLine id="eSc_line_aaa1c26d" custom="structure {type:default;}">
        <Coords points="94,899 94,915 156,926 158,926 381,915 400,929 400,931 402,931 404,931 407,931 485,917 501,931 503,931 506,931 508,931 510,931 570,913 602,929 605,929 607,931 676,931 676,929 784,910 803,924 803,926 805,926 807,926 809,929 968,929 968,926 971,926 1007,913 1277,922 1279,922 1410,901 1410,885 1401,832 1339,848 1263,832 1256,832 1254,832 1251,832 1247,832 1182,850 1056,841 1053,841 964,855 892,855 867,837 865,837 862,837 860,837 701,839 699,839 697,839 674,855 628,839 625,839 623,839 621,839 614,839 552,853 515,841 513,841 510,841 508,841 506,841 485,860 395,860 379,844 379,841 377,841 375,841 372,841 363,841 271,857 243,846 241,846 239,846 236,846 234,846 220,860 197,844 195,844 193,844 190,844 92,844 94,899"/>
        <Baseline points="94,899 1410,885"/>
        <TextEquiv conf="0.9775283723264128">
          <Unicode>l auoit bien de hault pu pies mesures</Unicode>
        </TextEquiv>
      </TextLine>

      
      
      <TextLine id="eSc_line_6942bf0b" custom="structure {type:default;}">
        <Coords points="156,968 156,988 280,1009 283,1009 285,1009 340,986 342,986 345,986 402,1002 404,1002 407,1002 409,1002 471,984 492,1002 492,1005 494,1005 497,1005 499,1007 533,1007 533,1005 660,1002 662,1002 664,1002 664,1000 667,1000 674,991 786,1000 789,1000 791,1000 793,1000 816,986 878,998 881,998 883,998 943,975 947,972 1044,972 1049,972 1090,993 1092,993 1095,993 1097,993 1171,972 1210,991 1212,991 1214,991 1217,991 1219,991 1251,970 1290,979 1293,979 1295,979 1297,979 1336,968 1339,968 1341,968 1380,988 1382,988 1385,988 1387,988 1389,988 1412,968 1435,984 1438,984 1440,984 1442,984 1445,984 1477,970 1560,979 1562,979 1564,979 1566,979 1566,977 1578,963 1578,947 1569,892 1511,908 1394,899 1392,899 1389,899 1348,910 1311,896 1309,896 1306,896 1302,896 1228,913 1208,899 1205,899 1203,899 1201,899 1198,899 1157,915 1092,901 1090,901 1088,901 1086,901 1042,919 828,919 796,906 793,906 791,906 789,906 777,906 660,924 154,919 156,968"/>
        <Baseline points="156,968 720,972 1578,947"/>
        <TextEquiv conf="0.9727462402411869">
          <Unicode>sestoit de fui or graus et groir et quares</Unicode>
        </TextEquiv>
      </TextLine>

      
      
      <TextLine id="eSc_line_d4feda1d" custom="structure {type:default;}">
        <Coords points="85,1044 85,1069 409,1055 439,1062 469,1071 471,1071 473,1071 476,1071 478,1071 492,1062 506,1053 522,1060 538,1069 540,1069 543,1069 786,1067 789,1067 791,1067 791,1064 803,1055 805,1053 814,1055 853,1062 855,1062 858,1062 860,1062 860,1060 867,1053 874,1048 945,1048 954,1053 987,1064 989,1064 991,1064 1125,1053 1178,1062 1180,1062 1182,1062 1184,1062 1205,1046 1208,1046 1226,1046 1426,1055 1428,1055 1431,1055 1433,1055 1451,1044 1451,1028 1445,970 1221,991 1072,975 1069,975 1067,975 1065,975 1065,977 1049,993 1017,977 1014,977 1012,977 1010,977 945,993 908,977 906,977 904,977 901,977 839,995 681,986 678,986 676,986 651,998 595,984 593,984 591,984 513,998 473,982 471,982 469,982 467,982 398,1000 292,984 289,984 287,984 257,1000 243,986 241,986 239,986 236,986 142,998 82,986 85,1044"/>
        <Baseline points="85,1044 1451,1028"/>
        <TextEquiv conf="0.9738476511679197">
          <Unicode>uthomes est abius sy est dedeus entres</Unicode>
        </TextEquiv>
      </TextLine>

      
      
      <TextLine id="eSc_line_f9cf89e3" custom="structure {type:default;}">
        <Coords points="133,1117 133,1150 276,1147 278,1147 280,1147 296,1136 368,1145 381,1145 384,1145 386,1145 391,1143 455,1117 526,1129 529,1129 531,1129 533,1129 552,1117 734,1129 736,1129 738,1129 740,1129 752,1120 766,1131 768,1131 770,1131 773,1131 775,1131 828,1113 860,1131 874,1140 876,1140 878,1140 881,1140 883,1140 885,1140 899,1129 927,1113 1012,1127 1028,1129 1030,1129 1056,1127 1148,1110 1191,1122 1231,1133 1233,1133 1235,1133 1237,1133 1272,1120 1290,1113 1306,1120 1332,1129 1334,1129 1336,1129 1493,1113 1495,1097 1491,1058 1295,1041 1293,1041 1290,1041 1254,1058 1221,1041 1219,1041 1217,1041 1214,1041 1212,1041 1191,1060 1189,1060 1187,1060 1083,1044 1081,1044 1079,1044 1076,1044 1076,1046 1058,1060 966,1046 964,1046 961,1046 931,1062 876,1046 874,1046 872,1046 745,1064 699,1048 697,1048 602,1048 600,1048 425,1067 352,1051 349,1051 347,1051 345,1051 333,1062 301,1053 299,1053 296,1053 294,1053 260,1071 131,1071 133,1117"/>
        <Baseline points="133,1117 605,1099 1495,1097"/>
        <TextEquiv conf="0.9780029160220448">
          <Unicode>fuit lespee mie dont ly brans est lectres</Unicode>
        </TextEquiv>
      </TextLine>

      
      
      <TextLine id="eSc_line_6bf1a3bc" custom="structure {type:default;}">
        <Coords points="82,1191 82,1219 250,1216 253,1216 255,1216 273,1200 301,1214 303,1214 306,1214 315,1214 402,1200 430,1212 439,1214 441,1214 444,1214 446,1214 457,1209 497,1193 579,1193 625,1205 639,1209 641,1209 644,1209 646,1209 658,1205 694,1191 766,1202 803,1207 805,1207 807,1207 828,1200 865,1189 895,1198 899,1200 901,1200 904,1200 918,1198 971,1186 1012,1196 1044,1202 1046,1202 1049,1202 1051,1202 1051,1200 1058,1196 1067,1184 1122,1193 1173,1200 1175,1200 1178,1200 1203,1191 1224,1182 1237,1189 1242,1193 1244,1193 1247,1193 1249,1193 1251,1193 1260,1189 1277,1182 1283,1189 1290,1196 1293,1196 1295,1196 1297,1196 1504,1182 1504,1161 1502,1120 1461,1106 1458,1106 1456,1106 1454,1106 1415,1120 1401,1124 1380,1120 1313,1108 1311,1108 1217,1122 1178,1129 1155,1124 1136,1120 1134,1120 1132,1120 1095,1124 1053,1131 1028,1127 987,1115 984,1115 982,1115 980,1115 977,1115 964,1127 954,1133 881,1133 855,1129 809,1117 807,1117 805,1117 775,1129 759,1136 745,1129 727,1122 724,1122 566,1122 563,1122 561,1122 526,1133 501,1140 487,1133 469,1124 467,1124 464,1124 462,1124 460,1124 446,1133 432,1145 319,1145 310,1136 303,1131 303,1129 301,1129 299,1129 296,1129 294,1129 269,1136 239,1145 80,1140 82,1191"/>
        <Baseline points="82,1191 623,1173 1504,1161"/>
        <TextEquiv conf="0.9658252440912779">
          <Unicode>cuchee fois se saigna pns sest auant bontes</Unicode>
        </TextEquiv>
      </TextLine>

      
      
      <TextLine id="eSc_line_5b2072dc" custom="structure {type:default;}">
        <Coords points="82,1258 82,1283 1380,1246 1382,1230 1380,1193 1339,1179 1336,1179 1334,1179 1332,1179 1283,1193 1251,1177 1249,1177 1247,1177 1244,1177 1242,1177 1217,1196 1214,1196 1166,1179 1164,1179 1161,1179 1033,1198 1014,1200 1012,1198 991,1179 991,1177 989,1177 987,1177 947,1177 945,1177 943,1177 892,1196 853,1186 851,1186 849,1186 846,1186 844,1186 844,1189 830,1200 826,1205 816,1200 768,1184 766,1184 763,1184 761,1184 697,1202 655,1184 653,1184 651,1184 648,1184 646,1184 618,1202 593,1186 591,1186 589,1186 513,1186 510,1186 508,1186 506,1186 485,1205 437,1189 434,1189 432,1189 430,1189 427,1189 404,1207 395,1214 345,1207 308,1205 306,1205 303,1205 301,1205 301,1207 299,1209 289,1219 140,1219 124,1212 98,1200 96,1200 94,1200 92,1200 89,1200 80,1205 82,1258"/>
        <Baseline points="82,1258 1382,1230"/>
        <TextEquiv conf="0.9938622436872343">
          <Unicode>Et puis ahaulte uois sest lỹ rois escaes</Unicode>
        </TextEquiv>
      </TextLine>

      
      
      <TextLine id="eSc_line_40734add" custom="structure {type:default;}">
        <Coords points="1212,1235 1210,1235 1208,1235 1205,1235 1201,1237 1164,1251 1072,1239 1056,1239 1053,1239 1042,1242 982,1255 964,1244 961,1242 959,1242 957,1242 954,1242 936,1244 862,1258 793,1248 768,1246 766,1246 763,1246 761,1246 761,1248 759,1248 759,1251 747,1262 708,1251 694,1248 692,1248 690,1248 637,1253 492,1271 94,1271 96,1324 96,1350 177,1359 179,1359 181,1359 207,1347 225,1338 236,1347 248,1357 250,1357 253,1357 255,1357 303,1354 368,1343 432,1331 503,1338 584,1347 586,1347 589,1347 591,1347 607,1336 618,1327 635,1336 653,1343 655,1343 658,1343 660,1343 662,1343 676,1334 690,1324 717,1334 754,1343 757,1343 759,1343 851,1340 853,1340 901,1327 915,1324 927,1327 975,1336 977,1336 980,1336 1003,1324 1023,1313 1134,1313 1145,1320 1152,1327 1155,1327 1157,1327 1159,1327 1161,1327 1164,1327 1175,1320 1187,1313 1251,1317 1336,1322 1339,1322 1341,1322 1343,1322 1352,1313 1359,1311 1509,1311 1509,1288 1500,1228 1433,1246 1267,1248 1217,1235 1212,1235"/>
        <Baseline points="96,1324 872,1294 1509,1288"/>
        <TextEquiv conf="0.9741524870579059">
          <Unicode>stu leres meschans ⁊ pequerdes dampueis</Unicode>
        </TextEquiv>
      </TextLine>

      
      
      <TextLine id="eSc_line_a8ccc61a" custom="structure {type:default;}">
        <Coords points="98,1398 98,1428 188,1428 188,1426 190,1426 195,1423 218,1412 269,1421 322,1430 324,1430 326,1430 329,1430 329,1428 340,1419 345,1414 354,1419 379,1426 381,1426 384,1426 386,1426 404,1416 421,1407 448,1414 487,1426 490,1426 492,1426 494,1426 517,1414 628,1423 630,1423 632,1423 635,1423 658,1407 667,1403 687,1407 727,1414 729,1414 803,1403 849,1396 874,1400 934,1414 936,1414 1028,1403 1122,1412 1125,1412 1127,1412 1129,1412 1129,1409 1145,1396 1189,1409 1191,1409 1194,1409 1196,1409 1198,1409 1226,1389 1231,1386 1279,1386 1281,1386 1313,1407 1316,1407 1318,1407 1320,1407 1323,1407 1410,1382 1415,1382 1428,1382 1601,1391 1603,1391 1606,1391 1608,1391 1629,1377 1629,1359 1626,1315 1325,1308 1323,1308 964,1324 961,1324 959,1324 952,1329 941,1336 883,1331 830,1327 828,1327 826,1327 823,1327 819,1331 809,1340 646,1343 635,1336 623,1327 621,1327 618,1327 616,1327 614,1327 584,1338 568,1343 549,1338 513,1329 510,1329 508,1329 506,1329 503,1329 487,1340 471,1350 96,1350 98,1398"/>
        <Baseline points="98,1398 1010,1377 1343,1359 1629,1359"/>
        <TextEquiv conf="0.979905570546786">
          <Unicode>dour quoy est ly tiems corps sy sos et sy derues</Unicode>
        </TextEquiv>
      </TextLine>

      
      
      <TextLine id="eSc_line_76ec9169" custom="structure {type:default;}">
        <Coords points="103,1513 202,1513 202,1511 204,1511 207,1511 207,1508 209,1508 225,1492 278,1506 285,1506 287,1506 289,1506 296,1506 354,1490 386,1501 398,1506 400,1506 402,1506 485,1504 487,1504 503,1497 533,1485 609,1494 660,1499 662,1499 664,1499 667,1499 676,1492 692,1481 809,1478 895,1483 1007,1492 1010,1492 1012,1492 1014,1492 1033,1481 1143,1488 1145,1488 1148,1488 1150,1488 1168,1474 1175,1472 1228,1472 1235,1472 1300,1485 1302,1485 1304,1485 1306,1485 1306,1483 1320,1469 1323,1467 1327,1469 1375,1483 1378,1483 1380,1483 1382,1483 1431,1472 1479,1481 1481,1481 1484,1481 1560,1460 1560,1449 1553,1391 1086,1421 1046,1421 1021,1400 1017,1396 1014,1396 1012,1396 1010,1396 1007,1396 1005,1396 998,1400 968,1421 945,1409 943,1409 941,1409 849,1416 826,1405 816,1400 814,1400 812,1400 722,1403 720,1403 717,1403 717,1405 715,1407 706,1414 655,1407 628,1405 625,1405 623,1405 621,1405 621,1407 618,1409 593,1430 545,1416 543,1416 540,1416 538,1416 476,1432 365,1414 349,1412 347,1412 345,1412 340,1414 296,1437 278,1428 276,1428 273,1428 200,1442 144,1442 103,1419 103,1485 103,1513"/>
        <Baseline points="103,1485 697,1460 1560,1449"/>
        <TextEquiv conf="0.9893466234207153">
          <Unicode>due tre uoeus estre dieux souuerains apoles</Unicode>
        </TextEquiv>
      </TextLine>

      
      
      <TextLine id="eSc_line_0eafc334" custom="structure {type:default;}">
        <Coords points="98,1584 98,1607 213,1605 216,1605 218,1605 218,1603 232,1589 257,1605 264,1607 266,1607 269,1607 354,1605 356,1605 368,1600 423,1575 462,1589 464,1589 467,1589 609,1563 724,1563 770,1584 782,1589 784,1589 786,1589 789,1589 816,1582 888,1563 906,1580 913,1584 915,1584 918,1584 920,1584 968,1577 1014,1568 1028,1575 1040,1580 1042,1580 1044,1580 1046,1580 1049,1580 1058,1573 1090,1552 1143,1570 1161,1575 1164,1575 1166,1575 1168,1575 1189,1568 1251,1540 1329,1540 1369,1561 1380,1566 1382,1566 1385,1568 1410,1568 1410,1566 1412,1566 1415,1566 1415,1563 1421,1559 1447,1536 1668,1547 1672,1524 1670,1472 1557,1451 1555,1451 1553,1451 1491,1476 1424,1458 1421,1458 1419,1458 1417,1458 1415,1458 1415,1460 1394,1476 1251,1474 1249,1474 1247,1474 1214,1485 1175,1465 1173,1465 1171,1465 1168,1465 1104,1490 1102,1492 1040,1492 1007,1492 989,1478 989,1476 987,1476 984,1476 982,1476 980,1476 977,1476 952,1494 952,1497 823,1499 786,1481 784,1481 727,1481 724,1481 722,1481 644,1504 609,1485 607,1485 605,1485 464,1511 444,1494 444,1492 441,1492 439,1492 437,1492 434,1492 395,1508 361,1494 358,1494 356,1494 278,1497 276,1497 188,1522 186,1524 94,1524 98,1584"/>
        <Baseline points="98,1584 543,1545 1486,1520 1672,1524"/>
        <TextEquiv conf="0.9711162461174859">
          <Unicode>uers boistes et uers pos sen est tautest ales</Unicode>
        </TextEquiv>
      </TextLine>

      
      
      <TextLine id="eSc_line_2548d5a1" custom="structure {type:default;}">
        <Coords points="103,1667 108,1692 117,1683 128,1690 151,1701 154,1701 156,1701 241,1699 243,1699 287,1681 331,1665 384,1676 427,1685 430,1685 432,1685 434,1685 448,1672 464,1658 497,1658 547,1658 559,1667 570,1676 570,1678 572,1678 575,1678 577,1678 579,1678 625,1665 653,1676 655,1676 658,1676 660,1676 701,1658 727,1649 770,1655 814,1660 816,1660 819,1660 821,1660 821,1658 828,1651 837,1644 855,1651 867,1653 869,1653 872,1653 874,1653 876,1653 883,1649 892,1642 901,1646 941,1669 943,1669 945,1669 1023,1655 1111,1665 1113,1665 1115,1665 1171,1635 1263,1644 1265,1644 1350,1626 1415,1637 1417,1637 1419,1637 1456,1616 1456,1609 1451,1563 1431,1554 1428,1554 1426,1554 1424,1554 1385,1568 1380,1570 1125,1577 1120,1575 1106,1563 1104,1563 1102,1563 1099,1563 1097,1563 1074,1575 1067,1580 1051,1577 998,1563 996,1563 994,1563 991,1563 991,1566 989,1566 980,1577 975,1584 904,1580 784,1573 782,1573 780,1573 777,1573 763,1584 752,1593 720,1584 697,1580 694,1580 692,1580 690,1580 671,1586 644,1598 632,1586 623,1580 621,1580 618,1580 616,1580 547,1582 545,1582 517,1591 469,1605 441,1593 439,1591 437,1591 434,1591 421,1593 322,1612 296,1600 294,1600 292,1600 289,1600 287,1600 264,1614 200,1598 193,1598 190,1598 98,1600 103,1667"/>
        <Baseline points="103,1667 704,1632 1456,1609"/>
        <TextEquiv conf="0.9592273509180224">
          <Unicode>lesppee drenchant les a sy fourmenesz</Unicode>
        </TextEquiv>
      </TextLine>

      
      
      <TextLine id="eSc_line_89eba2c0" custom="structure {type:default;}">
        <Coords points="105,1734 105,1770 246,1754 299,1764 312,1766 315,1766 317,1766 319,1766 319,1764 322,1764 338,1747 460,1757 503,1759 506,1759 547,1752 637,1736 694,1745 727,1750 729,1750 731,1750 734,1750 740,1743 757,1731 835,1738 895,1743 897,1743 899,1743 938,1734 973,1724 994,1731 1019,1738 1021,1738 1023,1738 1161,1731 1164,1731 1182,1722 1201,1711 1329,1711 1334,1713 1348,1724 1350,1724 1352,1724 1355,1724 1357,1724 1392,1711 1405,1706 1424,1708 1484,1720 1486,1720 1488,1720 1530,1704 1546,1699 1606,1699 1608,1676 1599,1616 1396,1637 1343,1626 1336,1626 1334,1626 1332,1626 1327,1626 1277,1646 1171,1632 1157,1632 1155,1632 1152,1632 1150,1632 1150,1635 1129,1655 895,1662 809,1649 796,1646 793,1646 757,1651 561,1676 381,1667 379,1667 377,1667 331,1688 211,1690 184,1674 181,1674 179,1674 177,1674 101,1676 105,1734"/>
        <Baseline points="105,1734 315,1734 842,1701 1608,1676"/>
        <TextEquiv conf="0.9810652494430542">
          <Unicode>tui ny demoura pot que nẽ soit reuerses</Unicode>
        </TextEquiv>
      </TextLine>

      
      
      <TextLine id="eSc_line_abf3f216" custom="structure {type:default;}">
        <Coords points="82,1839 82,1865 296,1865 296,1862 299,1862 317,1853 326,1849 349,1851 407,1858 409,1858 490,1844 572,1830 598,1839 621,1849 623,1849 625,1849 681,1846 683,1846 713,1835 740,1821 865,1819 918,1823 994,1833 996,1833 1067,1816 1076,1816 1083,1816 1168,1826 1171,1826 1173,1826 1212,1810 1233,1803 1274,1807 1311,1812 1313,1812 1316,1812 1318,1812 1327,1805 1341,1796 1649,1789 1649,1766 1647,1722 1543,1711 1541,1711 1539,1711 1537,1711 1518,1727 1516,1729 1428,1731 1426,1731 1405,1715 1403,1715 1401,1715 1398,1715 1396,1715 1394,1715 1394,1718 1375,1734 1373,1734 1371,1734 1323,1722 1320,1722 1247,1738 1242,1738 1219,1722 1217,1722 1214,1722 1212,1722 1210,1722 1164,1734 1051,1729 1049,1729 1046,1729 1005,1745 943,1734 941,1734 757,1759 750,1759 745,1759 674,1745 671,1745 471,1770 469,1770 467,1770 400,1757 398,1757 395,1757 345,1777 340,1777 331,1777 243,1764 241,1764 239,1764 236,1764 213,1782 211,1784 80,1787 82,1839"/>
        <Baseline points="82,1839 398,1828 853,1789 1649,1766"/>
        <TextEquiv conf="0.9868956679521605">
          <Unicode>des herbes en espant et les grans ceuaultes</Unicode>
        </TextEquiv>
      </TextLine>

      
      
      <TextLine id="eSc_line_bebbeaf0" custom="structure {type:default;}">
        <Coords points="144,1931 144,1964 220,1950 358,1954 370,1954 372,1954 375,1954 377,1954 430,1922 450,1936 453,1936 455,1936 457,1936 460,1936 520,1918 559,1927 561,1927 563,1927 566,1927 568,1927 568,1925 579,1915 750,1918 752,1918 890,1902 927,1925 929,1925 931,1925 934,1925 936,1925 941,1922 1000,1897 1074,1908 1076,1908 1079,1908 1081,1908 1099,1897 1171,1899 1182,1908 1194,1920 1196,1920 1198,1920 1201,1920 1260,1915 1263,1915 1265,1915 1279,1904 1306,1885 1327,1902 1329,1902 1332,1902 1392,1908 1394,1908 1472,1892 1472,1874 1468,1823 1412,1823 1394,1810 1394,1807 1392,1807 1389,1807 1387,1807 1385,1807 1313,1826 1295,1830 1290,1826 1258,1805 1256,1805 1254,1805 1251,1805 1249,1805 1247,1805 1247,1807 1226,1826 1198,1821 1196,1821 1194,1821 1191,1821 1182,1830 1175,1837 1021,1837 1017,1833 991,1816 989,1816 987,1816 984,1816 982,1816 915,1835 878,1846 862,1837 842,1823 839,1823 837,1823 835,1823 773,1826 770,1826 722,1839 664,1858 614,1842 586,1835 584,1835 582,1835 522,1844 499,1849 485,1846 460,1839 457,1839 455,1839 453,1839 450,1839 439,1846 402,1869 349,1862 347,1862 246,1876 193,1853 190,1853 188,1853 140,1853 144,1931"/>
        <Baseline points="144,1931 812,1883 1472,1874"/>
        <TextEquiv conf="0.9704644458634513">
          <Unicode>lymage darrain sen est riitost ales</Unicode>
        </TextEquiv>
      </TextLine>

      
      
      <TextLine id="eSc_line_e306e5a5" custom="structure {type:default;}">
        <Coords points="117,2012 117,2037 285,2037 285,2035 287,2035 289,2035 310,2021 312,2019 315,2021 326,2033 329,2033 331,2033 333,2033 407,2014 432,2010 460,2012 543,2017 545,2017 547,2017 549,2017 549,2014 552,2014 559,2003 566,1996 630,1994 658,1996 736,2007 738,2007 800,2000 803,2000 805,2000 823,1984 826,1982 828,1984 855,1998 858,1998 860,1998 927,1996 929,1996 931,1996 931,1994 934,1994 947,1975 959,1975 1058,1977 1060,1977 1063,1977 1065,1977 1076,1966 1095,1980 1097,1980 1099,1980 1102,1980 1104,1980 1189,1957 1189,1948 1184,1904 1138,1892 1136,1892 1035,1911 994,1892 991,1892 989,1892 987,1892 950,1913 927,1897 924,1897 922,1897 920,1897 918,1897 828,1920 807,1906 805,1906 803,1906 800,1906 731,1908 729,1908 683,1934 664,1918 664,1915 662,1915 660,1915 623,1915 621,1915 533,1936 522,1927 520,1927 517,1927 515,1927 513,1927 510,1927 494,1941 407,1931 404,1931 402,1931 400,1931 400,1934 398,1934 384,1950 384,1954 112,1966 117,2012"/>
        <Baseline points="117,2012 448,1996 858,1959 1189,1948"/>
        <TextEquiv conf="0.9836511395194314">
          <Unicode>le terre labat se ly brisa le nes</Unicode>
        </TextEquiv>
      </TextLine>

      
      
      <TextLine id="eSc_line_a3af0d78" custom="structure {type:default;}">
        <Coords points="78,2090 78,2095 156,2113 158,2113 161,2113 163,2113 193,2095 193,2093 195,2095 220,2111 223,2111 225,2111 227,2111 368,2109 370,2109 372,2109 372,2106 391,2090 398,2083 421,2090 455,2102 457,2102 460,2102 462,2102 464,2102 478,2090 485,2083 510,2090 549,2099 552,2099 554,2099 556,2099 559,2099 575,2088 586,2081 595,2088 598,2090 600,2090 602,2090 605,2090 607,2090 616,2088 658,2076 704,2088 713,2088 715,2088 731,2086 816,2074 842,2086 849,2088 851,2088 853,2088 855,2088 862,2086 885,2074 906,2083 920,2090 922,2090 924,2090 927,2090 943,2083 973,2070 1042,2081 1053,2083 1056,2083 1076,2081 1203,2065 1228,2079 1237,2086 1240,2086 1242,2086 1244,2086 1247,2086 1249,2086 1256,2079 1267,2070 1288,2079 1300,2083 1302,2083 1304,2083 1306,2083 1323,2079 1350,2070 1518,2074 1520,2051 1516,2003 1387,1991 1385,1991 1297,2003 1279,2005 1277,2003 1249,1984 1247,1984 1244,1984 1242,1984 1240,1984 1237,1984 1212,2003 1205,2010 1127,2012 1056,2012 1049,2005 1040,1996 1037,1996 1035,1996 1033,1996 968,2005 952,2007 947,2005 934,1994 931,1994 929,1994 927,1994 924,1994 922,1994 904,2005 888,2014 869,2005 844,1996 842,1996 839,1996 745,2007 731,2007 727,2007 704,1998 701,1998 699,1998 697,1998 694,1998 694,2000 685,2007 676,1998 674,1998 671,1998 669,1998 549,2000 437,2010 434,2010 432,2010 411,2026 356,2010 354,2010 352,2010 349,2010 312,2030 264,2030 243,2014 241,2014 239,2014 236,2014 234,2014 232,2014 232,2017 216,2033 163,2033 75,2012 78,2090"/>
        <Baseline points="78,2090 671,2060 1520,2051"/>
        <TextEquiv conf="0.9739259368664509">
          <Unicode>e ly su ly dialles uiste ment cuueres</Unicode>
        </TextEquiv>
      </TextLine>

      
      
      <TextLine id="eSc_line_0cdcb4e9" custom="structure {type:default;}">
        <Coords points="1730,2106 1716,2097 1557,2097 1548,2095 1507,2083 1504,2083 1502,2083 1415,2095 1412,2095 1410,2095 1385,2086 1382,2086 1380,2086 1378,2086 1357,2095 1348,2099 1332,2095 1265,2074 1263,2074 1260,2074 1109,2076 1106,2076 1065,2095 1058,2097 1053,2095 1023,2079 1021,2079 1019,2079 876,2081 874,2081 872,2081 860,2093 821,2081 819,2081 816,2081 754,2093 618,2083 616,2083 614,2083 612,2083 612,2086 602,2093 589,2109 568,2099 566,2099 563,2099 561,2099 515,2111 444,2093 423,2088 421,2088 418,2088 416,2088 404,2093 370,2111 260,2104 257,2104 174,2116 121,2093 121,2168 121,2187 172,2198 174,2198 177,2198 207,2187 213,2185 218,2187 236,2198 239,2198 241,2198 243,2198 246,2198 276,2187 289,2180 450,2175 473,2187 492,2194 494,2194 497,2196 561,2196 561,2194 563,2194 582,2185 621,2166 683,2175 685,2175 773,2164 915,2164 984,2182 1000,2187 1003,2187 1005,2187 1007,2187 1010,2187 1014,2182 1044,2162 1072,2171 1074,2171 1076,2171 1079,2171 1127,2159 1155,2180 1157,2180 1159,2180 1161,2180 1164,2180 1166,2180 1189,2164 1258,2175 1260,2175 1263,2175 1302,2157 1364,2168 1366,2168 1440,2157 1514,2180 1516,2180 1518,2180 1520,2180 1746,2178 1748,2159 1737,2109 1730,2106"/>
        <Baseline points="121,2168 853,2141 1378,2141 1748,2159"/>
        <TextEquiv conf="0.9903394636653718">
          <Unicode>e dieu de paradis de ses hault nous secres</Unicode>
        </TextEquiv>
      </TextLine>

      
      
      <TextLine id="eSc_line_d21f16a7" custom="structure {type:default;}">
        <Coords points="402,2159 384,2159 363,2178 329,2171 326,2171 324,2171 285,2187 280,2187 80,2187 80,2244 78,2254 103,2270 105,2270 108,2270 110,2270 158,2260 188,2277 190,2277 269,2279 271,2281 434,2281 434,2279 437,2279 439,2279 462,2260 526,2279 529,2279 531,2281 625,2281 625,2279 628,2279 630,2279 664,2254 683,2242 826,2242 851,2254 851,2256 853,2256 855,2256 858,2256 874,2256 973,2242 1003,2256 1037,2272 1040,2272 1042,2272 1044,2272 1074,2256 1099,2242 1189,2254 1191,2254 1194,2254 1221,2242 1240,2256 1242,2256 1244,2256 1247,2256 1249,2256 1251,2256 1270,2242 1378,2242 1396,2258 1419,2279 1421,2279 1424,2279 1426,2279 1428,2279 1431,2279 1463,2260 1493,2242 1587,2249 1610,2260 1640,2274 1642,2274 1645,2274 1647,2274 1695,2260 1698,2231 1695,2189 1543,2189 1543,2187 1488,2162 1486,2162 1484,2162 1431,2168 1415,2157 1412,2157 1410,2157 1408,2157 1097,2185 1051,2164 1049,2164 1046,2164 1044,2164 989,2185 934,2157 931,2157 800,2157 798,2157 796,2157 793,2157 766,2175 648,2157 646,2157 644,2157 641,2157 600,2187 570,2173 568,2173 566,2173 563,2173 561,2173 547,2187 545,2189 450,2189 446,2187 402,2159 402,2159"/>
        <Baseline points="80,2244 515,2242 722,2224 1698,2231"/>
        <TextEquiv conf="0.9656127697747686">
          <Unicode>rantost sen est ly diabies partis et deseueres</Unicode>
        </TextEquiv>
      </TextLine>

      
      
      <TextLine id="eSc_line_167ce31a" custom="structure {type:default;}">
        <Coords points="92,2329 92,2343 195,2355 197,2355 266,2343 289,2362 292,2362 294,2362 296,2362 299,2362 340,2346 354,2359 356,2359 358,2359 439,2362 441,2362 699,2341 782,2357 784,2357 786,2357 789,2357 821,2336 1046,2352 1049,2352 1051,2352 1090,2334 1224,2346 1226,2346 1288,2332 1320,2346 1323,2346 1449,2348 1451,2348 1454,2348 1500,2325 1500,2311 1497,2263 1468,2254 1465,2254 1463,2254 1461,2254 1440,2263 1419,2272 1408,2263 1403,2258 1401,2258 1398,2258 1396,2258 1394,2258 1392,2258 1387,2263 1371,2272 1359,2263 1352,2258 1352,2256 1350,2256 1348,2256 1346,2256 1313,2263 1293,2267 1286,2263 1279,2256 1277,2256 1274,2256 1272,2256 1270,2256 1251,2263 1221,2274 1198,2263 1173,2251 1171,2251 1168,2251 1111,2254 1109,2254 1106,2254 1106,2256 1097,2263 1092,2267 1083,2263 1069,2254 1067,2254 1065,2254 977,2254 975,2254 973,2254 971,2254 971,2256 961,2263 959,2265 941,2263 865,2256 862,2256 860,2256 839,2265 789,2283 678,2274 676,2274 533,2286 515,2272 513,2272 510,2272 508,2272 421,2288 289,2277 287,2277 285,2277 257,2290 227,2265 225,2265 223,2265 220,2265 218,2265 213,2265 170,2279 156,2265 154,2265 151,2265 149,2265 89,2265 92,2329"/>
        <Baseline points="92,2329 1500,2311"/>
        <TextEquiv conf="0.9930719090135474">
          <Unicode>⁊el tempeste mena che dist bauctorites</Unicode>
        </TextEquiv>
      </TextLine>

      
      
      <TextLine id="eSc_line_af862e8e" custom="structure {type:default;}">
        <Coords points="98,2405 98,2431 292,2421 381,2431 453,2438 455,2438 457,2438 483,2431 515,2419 538,2431 549,2435 552,2435 554,2435 584,2428 618,2421 628,2428 635,2435 637,2435 639,2435 641,2438 881,2438 881,2435 931,2428 987,2419 1040,2426 1081,2433 1083,2433 1086,2433 1109,2426 1145,2417 1249,2426 1260,2426 1263,2426 1265,2426 1267,2426 1295,2415 1417,2415 1428,2426 1433,2431 1435,2431 1438,2431 1440,2431 1474,2426 1530,2415 1564,2424 1571,2392 1569,2352 1543,2336 1541,2336 1539,2336 1474,2336 1472,2336 1470,2336 1468,2336 1447,2352 1382,2336 1380,2336 1341,2336 1339,2336 1336,2336 1334,2336 1334,2339 1318,2352 1316,2352 1198,2339 1196,2339 1194,2339 1161,2352 1150,2355 1113,2350 1007,2339 1005,2339 1003,2339 1000,2339 987,2350 980,2357 890,2357 872,2348 858,2343 855,2343 853,2343 798,2348 713,2357 676,2348 653,2341 651,2341 648,2341 646,2341 623,2348 582,2357 566,2346 559,2341 556,2341 554,2341 552,2341 549,2341 533,2346 492,2362 338,2362 322,2348 319,2348 317,2348 315,2348 312,2348 310,2348 296,2362 209,2362 96,2343 98,2405"/>
        <Baseline points="98,2405 844,2405 1187,2392 1571,2392"/>
        <TextEquiv conf="0.9887721946364955">
          <Unicode>due tous ly paradis est a terre uerses</Unicode>
        </TextEquiv>
      </TextLine>

      
      
      <TextLine id="eSc_line_453d49aa" custom="structure {type:default;}">
        <Coords points="94,2486 94,2509 188,2502 207,2509 225,2516 227,2516 230,2516 266,2509 299,2502 333,2509 393,2518 395,2518 398,2518 418,2507 430,2502 478,2507 582,2518 584,2518 586,2518 623,2507 635,2502 637,2504 646,2513 648,2513 651,2513 653,2513 724,2504 766,2500 780,2504 807,2516 809,2516 812,2518 922,2518 922,2516 924,2516 971,2502 982,2500 991,2502 1030,2516 1033,2516 1035,2516 1097,2502 1109,2500 1125,2502 1208,2513 1210,2513 1270,2500 1283,2497 1288,2500 1309,2513 1311,2513 1313,2513 1316,2513 1495,2500 1640,2513 1642,2513 1645,2513 1647,2513 1665,2497 1665,2479 1658,2433 1587,2435 1580,2431 1560,2417 1557,2417 1555,2417 1553,2417 1481,2431 1456,2435 1449,2431 1431,2417 1428,2417 1426,2417 1424,2417 1343,2428 1141,2417 1138,2417 1136,2417 1134,2417 1120,2428 1111,2438 1046,2438 1026,2428 1005,2419 1003,2419 1000,2419 998,2419 996,2419 987,2428 973,2440 858,2440 835,2426 816,2419 814,2419 812,2419 809,2419 791,2426 768,2438 754,2426 747,2421 745,2421 743,2421 628,2419 625,2419 623,2419 621,2419 612,2426 586,2440 372,2428 370,2428 310,2440 280,2424 278,2424 276,2424 269,2424 181,2435 163,2424 163,2421 161,2421 158,2421 156,2421 92,2421 94,2486"/>
        <Baseline points="94,2486 1665,2479"/>
        <TextEquiv conf="0.9888242341223217">
          <Unicode>Iy Remest cun seul uant la endroit fu nors</Unicode>
        </TextEquiv>
      </TextLine>

      
      
      <TextLine id="eSc_line_448a6f8d" custom="structure {type:default;}">
        <Coords points="98,2569 98,2587 577,2601 579,2601 582,2601 602,2589 618,2582 692,2592 784,2601 786,2601 1092,2599 1095,2599 1109,2592 1134,2580 1343,2592 1346,2592 1633,2578 1654,2594 1654,2596 1656,2596 1658,2596 1661,2596 1764,2594 1764,2559 1760,2490 1652,2490 1649,2490 1647,2490 1564,2513 1306,2502 1304,2502 1302,2502 1300,2502 1279,2516 1191,2511 1171,2493 1168,2493 1166,2493 1164,2493 1083,2493 1033,2495 924,2520 812,2520 784,2497 782,2497 780,2497 777,2497 775,2497 773,2497 740,2518 575,2507 572,2507 508,2520 377,2507 375,2507 372,2507 342,2520 287,2497 285,2497 283,2497 280,2497 96,2497 98,2569"/>
        <Baseline points="98,2569 1764,2559"/>
        <TextEquiv conf="0.9767836213111878">
          <Unicode>et la remest authoines ly bous Roisz couronms</Unicode>
        </TextEquiv>
      </TextLine>

      
      
      <TextLine id="eSc_line_d324097a" custom="structure {type:default;}">
        <Coords points="101,2647 101,2677 197,2665 303,2668 310,2674 324,2686 324,2688 326,2688 329,2688 331,2688 411,2674 423,2672 425,2674 448,2691 450,2691 453,2691 455,2691 520,2679 533,2691 536,2691 538,2691 540,2691 671,2679 727,2688 729,2688 731,2688 773,2668 780,2665 789,2668 832,2684 835,2684 966,2688 968,2688 971,2688 1023,2665 1030,2663 1109,2663 1111,2663 1132,2681 1134,2681 1136,2681 1138,2681 1141,2681 1173,2665 1201,2674 1203,2674 1205,2674 1302,2661 1309,2661 1311,2661 1332,2681 1332,2684 1334,2684 1336,2684 1380,2686 1382,2686 1385,2686 1461,2658 1461,2638 1458,2603 1408,2582 1405,2582 1286,2582 1283,2582 1281,2582 1279,2582 1254,2601 1249,2603 1214,2601 1074,2582 1072,2582 1069,2582 1042,2599 1023,2608 869,2608 858,2596 849,2587 849,2585 846,2585 844,2585 809,2585 807,2585 805,2585 777,2594 743,2605 614,2592 598,2592 595,2592 593,2592 591,2592 554,2608 473,2592 471,2592 469,2592 434,2610 347,2610 301,2589 296,2587 294,2587 292,2587 276,2589 174,2601 98,2587 101,2647"/>
        <Baseline points="101,2647 876,2651 1461,2638"/>
        <TextEquiv conf="0.9862347088362041">
          <Unicode>et ilariande estoit a ung aultre soste</Unicode>
        </TextEquiv>
      </TextLine>

      
      
      <TextLine id="eSc_line_0f490eda" custom="structure {type:default;}">
        <Coords points="85,2739 85,2753 179,2753 188,2755 255,2773 257,2773 260,2773 356,2755 375,2753 388,2755 439,2771 441,2771 444,2771 540,2757 554,2755 566,2757 630,2771 632,2771 635,2771 637,2771 655,2757 664,2753 754,2757 803,2760 805,2760 807,2760 809,2760 809,2757 823,2748 837,2757 844,2764 846,2764 849,2764 851,2764 881,2757 908,2753 918,2760 931,2769 934,2769 936,2769 938,2771 1046,2771 1046,2769 1049,2769 1067,2760 1088,2748 1106,2760 1115,2766 1118,2766 1120,2766 1189,2769 1191,2769 1194,2769 1212,2760 1240,2746 1378,2746 1403,2762 1410,2766 1412,2766 1415,2766 1417,2766 1442,2762 1500,2748 1555,2762 1557,2762 1560,2764 1716,2764 1718,2741 1716,2684 1638,2684 1638,2681 1615,2663 1612,2663 1610,2663 1608,2663 1606,2663 1564,2681 1557,2684 1543,2681 1491,2670 1286,2665 1283,2665 1281,2665 1279,2665 1265,2677 1194,2665 1191,2665 1189,2665 1157,2679 1138,2686 1072,2679 1000,2670 998,2670 996,2670 994,2670 984,2677 973,2688 844,2688 809,2677 789,2670 786,2670 784,2670 782,2670 780,2670 773,2677 754,2691 545,2691 515,2674 513,2674 510,2674 508,2674 450,2691 398,2674 393,2672 391,2672 388,2672 377,2672 278,2691 255,2672 253,2672 250,2672 248,2672 243,2672 184,2686 82,2672 85,2739"/>
        <Baseline points="85,2739 1454,2727 1718,2741"/>
        <TextEquiv conf="0.9816777168250665">
          <Unicode>Ensus der d paradis estoit ses corps ales</Unicode>
        </TextEquiv>
      </TextLine>

      
      
      <TextLine id="eSc_line_c136f6aa" custom="structure {type:default;}">
        <Coords points="411,2737 409,2737 407,2737 404,2737 361,2748 329,2757 101,2743 101,2803 98,2833 186,2852 188,2852 278,2838 322,2831 441,2831 455,2840 478,2856 480,2856 483,2856 485,2856 487,2856 543,2842 570,2835 600,2842 662,2858 664,2858 667,2858 773,2845 821,2840 835,2847 869,2863 872,2863 874,2863 876,2863 922,2847 941,2842 1005,2842 1014,2849 1033,2865 1035,2865 1037,2865 1040,2865 1125,2852 1141,2849 1145,2852 1171,2868 1173,2868 1175,2868 1178,2868 1180,2868 1210,2852 1221,2847 1336,2849 1343,2854 1362,2870 1364,2870 1366,2870 1369,2870 1431,2856 1435,2856 1461,2872 1463,2872 1465,2872 1803,2877 1806,2877 1808,2877 1831,2863 1833,2845 1831,2785 1566,2776 1539,2755 1537,2755 1534,2755 1532,2755 1410,2766 1208,2750 1205,2750 1203,2750 1171,2766 1056,2748 1053,2748 984,2764 959,2769 952,2762 934,2748 931,2748 929,2748 869,2743 867,2743 865,2743 819,2760 798,2766 775,2760 729,2741 727,2741 724,2741 722,2741 685,2757 664,2764 607,2755 591,2753 589,2753 561,2753 450,2760 434,2750 414,2737 411,2737"/>
        <Baseline points="101,2803 1286,2812 1833,2845"/>
        <TextEquiv conf="0.9665357356375837">
          <Unicode>et graibaux et floussies ses flans ⁊ ses costes</Unicode>
        </TextEquiv>
      </TextLine>

      
      
      <TextLine id="eSc_line_100be6a0" custom="structure {type:default;}">
        <Coords points="96,2884 94,2907 200,2909 207,2911 306,2939 308,2939 310,2939 395,2918 409,2916 418,2921 460,2941 462,2941 464,2941 554,2925 582,2921 667,2923 678,2930 727,2948 729,2948 731,2948 837,2934 851,2934 862,2937 927,2953 929,2953 931,2955 1003,2955 1003,2953 1005,2953 1007,2953 1021,2941 1035,2932 1120,2932 1150,2946 1173,2957 1175,2957 1178,2957 1217,2948 1265,2939 1442,2939 1511,2939 1548,2962 1560,2966 1562,2966 1564,2966 1606,2964 1672,2957 1854,2971 1859,2934 1852,2879 1652,2879 1629,2872 1546,2856 1543,2856 1541,2856 1511,2870 1502,2872 1491,2868 1447,2854 1445,2854 1442,2854 1440,2854 1401,2865 1385,2870 1371,2865 1357,2858 1355,2858 1352,2858 1313,2863 1272,2868 1260,2861 1242,2849 1240,2849 1237,2849 1235,2849 1189,2858 1155,2865 1143,2856 1132,2849 1129,2849 1127,2849 1125,2849 1088,2856 1046,2863 1030,2854 1019,2845 1017,2845 1014,2845 1012,2845 1010,2845 987,2852 959,2861 924,2849 906,2845 904,2845 901,2845 899,2845 890,2849 869,2858 803,2858 786,2845 784,2842 782,2842 780,2842 777,2842 775,2842 773,2842 770,2845 761,2852 752,2845 747,2840 745,2840 743,2840 740,2840 738,2840 727,2845 694,2854 533,2854 515,2838 513,2835 513,2833 510,2833 508,2833 506,2833 476,2835 379,2845 319,2831 308,2829 306,2829 296,2829 216,2845 96,2824 96,2884"/>
        <Baseline points="96,2884 1507,2911 1859,2934"/>
        <TextEquiv conf="0.9727456250856089">
          <Unicode>dour pauque il ꝑ ne fu crestous le Ruientes</Unicode>
        </TextEquiv>
      </TextLine>

      
      
      <TextLine id="eSc_line_a37e3bb2" custom="structure {type:default;}">
        <Coords points="98,2985 101,3054 128,3045 147,3054 158,3058 161,3058 163,3058 165,3058 167,3058 174,3054 223,3024 276,3035 278,3035 280,3035 283,3035 294,3026 338,3047 340,3047 342,3047 345,3047 347,3047 372,3026 386,3033 388,3033 391,3033 393,3033 446,3015 543,3017 623,3047 637,3052 639,3052 641,3052 683,3047 699,3042 701,3042 704,3042 731,3017 784,3035 786,3035 789,3035 996,3019 1030,3040 1035,3045 1037,3045 1040,3045 1042,3045 1044,3045 1046,3045 1051,3040 1072,3029 1097,3040 1143,3061 1145,3061 1281,3065 1283,3068 1419,3068 1419,3065 1421,3065 1424,3065 1461,3035 1470,3026 1525,3022 1670,3031 1675,2994 1672,2948 1470,2948 1461,2946 1396,2930 1394,2930 1329,2932 1327,2932 1325,2932 1313,2944 1309,2946 1187,2946 1184,2941 1168,2930 1168,2927 1166,2927 1164,2927 1161,2927 1017,2941 971,2944 747,2941 743,2937 717,2925 715,2925 713,2925 628,2937 605,2939 600,2937 584,2925 582,2925 579,2925 492,2923 342,2923 340,2923 338,2923 335,2923 322,2934 315,2939 299,2932 276,2925 273,2925 271,2925 269,2925 255,2932 241,2939 98,2932 98,2985"/>
        <Baseline points="98,2985 1675,2994"/>
        <TextEquiv conf="0.9718199893832207">
          <Unicode>y queuples des paiens est droit la armes</Unicode>
        </TextEquiv>
      </TextLine>

      
    </TextRegion>
    

    
  </Page>
</PcGts>
