3104 4140
276 731 1852 825 Ce uault sains esperis par grate eslinumer
287 795 1999 887 Et uault dedens tes faans le saint temple fouder
287 862 1767 945 La ou iy fieux de dieu uault i mois reposer
287 919 1787 1000 char et sant prist en tay sans nacure apeler
271 979 1734 1051 leche se poeult bien naiure subdorr claier
292 1035 1882 1127 uant sans luy pot en coy uns uais hons figgurer
276 1090 2022 1196 rais hous urais dieux uraisz fieux uault en ton corpe
283 1161 2052 1251 io mois puis en uausis sans haire delurrer. Regner
276 1214 1921 1327 Mes puis en os grant grief et grant masaporter
269 1283 1813 1380 Quant ten doux fieux mal ueis en kois pener
271 1343 1790 1451 Et de Rois claux les puins et les piel cacier
292 1407 1527 1499 La lx ueis le chief despuies courõner
289 1467 1408 1561 Et de puans ayssil le ueis abruner
273 1534 1500 1623 Dune lanche ueis lesien cote fraper
273 1584 1757 1678 icques de luy comũt liaue et le sang couler
306 1642 1557 1724 dont li pierre fendi terre prist a croler
306 1690 1764 1782 y oiseil en laissierenx a chel heure a uoler
294 1741 1829 1837 Et le temps qui fu uiaux en print a decliner
266 1796 1737 1885 Dierge la ce conuẽ tant de maulx endurer
273 1837 1836 1948 Cuus sains en se legende Ie noꝰ iesmõgne ocler
289 1892 1695 1998 Que on ne scet li quelz et le pluy a porter
296 1954 1451 2049 du Ihũs qui moroit poͬ. uie Recouurer
273 2003 1594 2104 Bu toy qui le ueois ensement lapider
264 2058 1741 2166 Mais depuis es grãt Ioie a ton ceur a porter
278 2109 1767 2210 Quĩ de mort le ueis au tierch iour Resusciter
285 2173 1573 2267 t quẽ il fist ton corps daiur et adestrer
269 2210 1792 2329 En le gloire des chieux et ton chief courõuer
276 2277 1799 2382 Uierge si com cest uoirez si me ueullies garder
296 2341 1810 2444 Que chieꝰ felons poyens sue me puist uioler
276 2394 1576 2502 ossy urayemẽt me ueullees destouoner
278 2461 1748 2555 Que Ihũ crist te uault telliuẽt hõnourer
278 2509 1728 2610 QQuil descendi en toy sans char dõme habiter
269 2576 1672 2672 Quãt elaiut ot che dit tãuost choisi leuer
283 2628 1654 2725 Unet oraige se fort et plouuoir et uenter
306 2679 1794 2780 e sambloit que li moudes deuist cãtost finer
280 2741 1622 2842 les ondes cõmẽchierẽt si fort a tomẽter
287 2799 1820 2900 Que chil uaissel aloient a ches Rochel s hurter
269 2861 1783 2953 pour fendre et despichier et elamne essondrer
278 2916 1700 3010 Quãt le sarrasin uit tel delouure ⁊onter
269 2971 1617 3104 Adont laissa elame not soit de lur amer
