3104 4140
1438 627 1525 781 5
87 731 1251 827 Et uoit incontre luy uenir un aupaoris
87 816 1385 913 Fui auoit entoi luy desopres iusquisa six
101 892 1525 998 Et se porte une maque ⁊ un fier auteris
108 972 1672 1076 t sieupo clie dist ly rois dont uirut ches auruns
80 1060 1426 1150 egrieux sires dieux qui en lekois fu ains
75 1131 1566 1230 fade moy de ses mains que ne soie faf saisis
85 1205 1254 1304 Or eus du uon roy dont il sest aasas
101 1278 1500 1386 uers le paien sen uint qui tant estoit despue
105 1354 1495 1469 e sous son cop selanchi sela a deux bras pris
98 1432 1348 1538 On tel tour ly ifait ly pilies Rois heurie
94 1508 1408 1609 fue du cheual tantost la il aterde mis
94 1580 1343 1699 a fu de toutes pars ly uons pois assaluz
94 1658 1451 1768 et fu adont naureis ⁊ forment mal baillis
82 1743 1550 1846 Nes il a par se forche le grant maq̃ conquis
340 1830 1461 1927 fu dachier ouuree par ains .u. uu s
1281 1803 1474 1885 mo᷑ let
1555 1729 1962 1865 auoit de brãp̾e
96 1869 1603 1980 Quiltontes sont dachigr bien faites par auis
112 1936 1693 2053 euant ly rois tuit le maqu say loe ihũcust
89 2019 1375 2127 on sy Arant horion londõna lain patas
89 2093 1465 2198 fue de sons hayaume qui hun estoit brumis
82 2164 1484 2283 ly aperchiet le telz ly sans in est partuz
103 2244 1578 2371 Et toute ly reluelle ly quiet parlen laris
184 2357 1320 2467 ne se rre quil ly donnast Paris
85 2426 1608 2539 dultre che dist ly Rois de dieu soies maudisz
391 2520 1741 2622 ten contre tol terre ly paiens malostrus
186 2592 1672 2691 Et ly uons rois heuris sest es sarazins frus
101 2656 1412 2760 dour aidier la postole quaterre estoit quens
110 2730 1649 2822 et quant heury le uoit sy en fut moult confus
119 2808 1654 2911 utre paiens se fiert se les fait traire en sulz
103 2877 1658 2980 De le maque quil tunt leura grant cop rendus
87 2950 1520 3070 na consteur sarazini qui nestoit soit abatus
