3104 4140
1323 717 2846 832 Pour dieu dont estes uous ne le me cheles me
1336 798 2669 894 sire dist le puchelle Ie say nee et nodie
1334 862 2722 952 De celle chite la que moult cler ar flanbis
1387 922 2632 1014 Et suy lille du roy que la en se baillie
1339 982 3028 1094 Nes scachies biaux doubz sires que megerre ay qͥue
1320 1055 2848 1152 Pous che que ie uoel estre lauee et uaptisu
1375 1136 2910 1225 Car se Ie croy en dieu mon pore ny croit mie
1334 1200 2855 1308 Auchois est hors duscens ⁊ plains de deruerce
1378 1276 2685 1384 et ie dy dy auons car de sainte marie
1355 1375 1576 1437 Mous a
2696 1368 2850 1437 fixͤ
1647 1375 1684 1446 n
1748 1384 1780 1444 I
1783 1340 2517 1439 oy parier plus duue
2441 1347 2590 1449 usi
2241 1400 2376 1455 omt
1254 1400 1912 1478 Qtuoꝰ ister crestieꝵꝭ si
1339 1416 2894 1524 De men pere me plang q par orure euerne
1313 1501 2597 1600 E fait dieu apeler en y celle partie
1327 1570 2549 1672 frait a un paradis en se salle uantie
1309 1626 2786 1752 Tout ly diable deufer ly tienuẽt ꝯpaguir
1403 1720 2945 1823 t quant mes peres uoelt par se lozengera
1325 1798 2860 1904 Sait esleuer ung uent ly diables y tourue
1288 1869 2853 1980 Sy qui ny Remaint hõme qui ne braie ou leie
1484 1950 2823 2044 uienuent tout aly caseraitz me rhy ln uar
1442 2019 2919 2120 le tiennent a dieu dont suy moult esmaie
1302 2083 2956 2208 Sa .un hõme darain Il nest rcens quil ne die
1325 2173 2975 2297 Et sest adenimeles sur les gens leurs folres
1304 2265 2742 2373 Oont mainte coeatire est forment esuiaie
1306 2339 2936 2447 Or me uecalt ly miens peros auoe en fe uailie
1309 2408 2945 2530 Esponser me doeuloit pour chi mi suis fuie
1297 2467 2669 2619 Car scachrrs que Ie uoeul que soit baptizzo
1309 2546 2945 2702 Iamais maresteray poier uray le uous afie
1302 2635 2595 2787 Sa ray troune gons pais ouchite batillue
1316 2711 2864 2842 Ou ie puisse estre es fous lauee et uasthie
1304 2794 2602 2925 nir ia amy mara mes peres diuerie
1329 2870 2906 3006 Tuant anthonnes loy tous ly sans ly freuue
1316 2976 2590 3118 A elane dist Il uechy uo copaigne
