3104 4140
133 896 1525 1016 Busement u le dame cõgneue et bercoe ainsee
140 965 1318 1062 hrenris concha oluy ioians celle uespais
135 1005 1488 1117 ui ioure trestons entiers chest uerite qrouuee
236 1064 1468 1163 gueur apres che terme et apres ce lun ioir
209 1104 1445 1225 Se partuent no geut de le chue de tour
276 1170 1329 1276 ient quil yrout arrĩne le mapur
147 1237 1155 1320 ielimẽt lapostole racõter cel a tour
161 1260 1514 1386 õment ont Rtropulelame et parquel tour
154 1320 1389 1430 par lo bardie passent a ioie et a uaudoit
147 1373 1447 1481 et uienuẽt a ppraisanche une uillerdõnour
161 1421 1481 1529 a trouuerent plaisanche a le sreche cou lour
161 1488 1495 1589 Eueidire ne fauoit coustans le sion seignour
156 1552 1212 1635 Elame festia et les uarons deutour
149 1591 1359 1692 suous enx son ala a rõme sans demour
151 1646 1410 1747 etie miront a une dy gentil pugnatoue
147 1708 1553 1800 pe forest trouuirixe que moult auoit de tour
158 1754 232 1837 Et
260 1768 1458 1851 sy ott ou millieu une moult forte tour
147 1816 1587 1904 du moult lons camps auoit demore modraour
151 1872 1578 1957 le geut que l mauoient fout au ray clamaour
163 1920 1247 2000 Des larous qui metoient atene uroit
165 1968 1458 2051 Cant fout ly noble roy et ly franc uassaour
156 2026 1401 2106 Que le tour cõ quirent ⁊ y glinrent seioͬ
156 2070 1150 2155 la trouuerent constrait le pmatoier
165 2109 1394 2210 Eue Le goy cõgumient õssy sireut pluisoier
161 2162 1497 2254 ipres puis .qi.e de uant yot Ioie ꝯregnour
177 2205 1622 2306 laisanche Iu ouoult lie et dost dieux ie caour
158 2274 1438 2366 ⁊ espousa constant le bon roy de ualonr
161 2309 1520 2424 puis aleront a rõme le grant chite maiour
165 2392 1316 2472 a trouuorent clinẽt Iapõstole dõnout
167 2431 1527 2525 que encontre eux qͣuant Il scent le ualour
174 2493 1463 2578 e le rme elane qui tant ot de Rregnoir
184 2546 1359 2624 y baron lenclinerent entoiir et enuiron
287 2580 1615 2674 uant ly laron perchurent lapostole clum̃nẽt
289 2638 1642 2727 Denant luy senclnerent bien coiercoisemẽt
232 2702 1362 2776 paqes prĩt elame et la cole soune
262 2750 1350 2829 drume ly ala recordant uistemẽt
174 2803 246 2868 R
280 2808 1304 2879 estat et se uie ne l cele noient
167 2847 1525 2939 le pappe le fist mertre en escript propemẽt
165 2898 1408 2987 Et du bon Roy heury y mist lordemnẽt
197 2960 1421 3042 u luize le trouuoir en escript prepemẽt
308 3015 1451 3088 uaron descindirent trestout cõmanemẽt
200 3049 1592 3139 dine montet ou palais qui a luistet Resplent
213 3107 1442 3206 papesleut cõm moult anuablemẽt
1891 848 1981 961 d
