3104 4140
1447 639 1608 756 123
154 754 1346 844 frans pois ritourna a loges ⁊ astres
167 800 1359 913 iura malõmet aqui il sest deneñ
98 857 1265 975 Aauoit prise castre ou tant sestait
144 885 1518 1018 ue admne assauroit et les grans hirẽtes
223 940 1525 1083 eroit la postole par luy amort liures
1086 975 1576 1074 ois Renines
126 1021 994 1143 les enbrief tamps sira ẜ
128 1037 1633 1212 ar Il sera becest urufmet balptiies et leues
131 1108 1516 1265 t le pays de gaules sera franche nõmes
202 1166 1583 1313 uous diray cõment sentendre me uoles
1164 1216 1599 1315 nef pacordes
126 1262 945 1361 dus cautesuous en ertte
121 1283 1707 1416 ar quoy nostre Romans en soit mieryo aueres
121 1350 1518 1476 ar parle fait qui fu par eloeuis adines
195 1444 450 1527 hient q
740 1393 1658 1501 claire cõmet fu retournes
188 1455 1486 1563 uous rois troems qui tant fu honeres
135 1511 1785 1621 riui de iranche le noble ẜu prmmers rois sairesz
239 1570 1790 1685 uost par deuant casfie sen ⁊ est ly roiũ entres
131 1637 1440 1752 dien fu de ses barons seris et loueres
133 1692 1587 1816 y ancraux de castre qui lertans fu claines
200 1764 1537 1879 o luy poy Rois que soidans qua mires
103 1828 1606 1941 parne prisoient dieu ne ses saintes boites
140 1904 1019 1996 ant assa uloient de turs
1205 1888 1684 1968 paiens dorms
110 1948 1433 2051 Que sy plaine en estoit ly nobles chi
1481 1945 1520 2014 x
98 1996 1530 2129 Pue dessus des cauchies ꝙ en gioit asses
103 2099 147 2214 E
156 2053 1691 2198 a tout plain en estoit ⁊ Oeleliers ⁊ hostes
262 2134 1893 2228 agneur par dedens castre qui bien estait fremee
266 2201 1787 2288 de in paires d murs chest uerite Ioiune
172 2251 1394 2336 auoit tant teuede le gent deffaet
149 2302 1665 2401 y ot maison ne rue nen fust contepeniplee
188 2364 1392 2442 issorent as saup̃s a bamore lener
147 2419 1698 2507 ⁊ uoutre closet clteuis ont baitaise mandee
135 2479 1679 2569 Et quant rois clorues en uit telli assablee
140 2532 1624 2619 ue couuiers en estoit ty mous et le ualee
128 2594 1654 2684 formont sen esmeluelle en cuer et en qrensee
105 2649 1760 2741 Fait fist que aelle geut fu par nõbie aidbree
105 2709 1709 2799 Et nõbrorent les ceuas sans nule deuauree
110 2764 1447 2854 Mes ly rois cloems ale urache qualee
131 2815 1919 2921 ouoit gens auencum pour une desuee disuiner
144 2877 1594 2973 dont en ot sorment le chiere espaulex
119 2916 1702 3038 Par dun seul lentr u. faloit faire mesler
115 2976 1589 3127 Clie ne fu pait metuille si ldesagare
