<?xml version="1.0" encoding="UTF-8"  standalone="yes"?>
<PcGts xmlns="http://schema.primaresearch.org/PAGE/gts/pagecontent/2019-07-15" xmlns:xsi="http://www.w3.org/2001/XMLSchema-instance" xsi:schemaLocation="http://schema.primaresearch.org/PAGE/gts/pagecontent/2019-07-15 http://schema.primaresearch.org/PAGE/gts/pagecontent/2019-07-15/pagecontent.xsd">
  <Metadata>
	<Creator>escriptorium</Creator>
	<Created>2025-10-15T20:24:11.087325+00:00</Created>
        <LastChange>2025-10-15T20:24:11.087355+00:00</LastChange>

  </Metadata>
  <Page imageFilename="620416201_MS0742_0766_0079A.jpg" imageWidth="3104" imageHeight="4140">

    
    <TextRegion id="eSc_textblock_f79643e0"  custom="structure {type:text;}">
      <Coords points="112,717 1155,726 1191,816 1267,873 1468,910 1440,991 1394,1002 1431,1037 1320,1074 1486,1104 1468,1294 1504,1442 1477,1580 1412,1619 1403,1754 1433,1803 1532,1812 1569,1849 1532,2003 1477,2033 1495,2168 1900,2198 1955,2260 1617,2306 1578,2454 1440,2520 1461,2622 1670,2695 1661,2776 1431,2879 1412,2941 1486,2989 1449,3061 356,3107 101,3061 82,2824 128,2447 82,2316 92,837 64,736 112,717"/>
      
      
      <TextLine id="eSc_line_d050b793" custom="structure {type:default;}">
        <Coords points="1150,731 1127,724 1125,724 1102,724 1092,724 1063,733 1051,724 1033,724 1010,724 987,724 964,724 941,724 918,724 915,724 897,731 885,736 342,726 345,781 347,811 370,800 540,807 598,809 600,809 1166,793 1168,775 1166,768 1150,731"/>
        <Baseline points="345,781 1168,775"/>
        <TextEquiv conf="0.9859398206075033">
          <Unicode>Icõme Roy tenir se barõme</Unicode>
        </TextEquiv>
      </TextLine>

      
      
      <TextLine id="eSc_line_23218576" custom="structure {type:default;}">
        <Coords points="144,839 147,864 174,853 188,864 190,867 193,867 195,867 197,867 253,862 356,853 425,857 510,864 513,864 639,862 641,862 644,862 644,860 653,853 658,848 676,853 708,857 710,857 885,846 913,846 915,846 941,857 943,857 945,857 947,857 975,844 980,844 982,844 1017,855 1019,855 1021,855 1023,855 1074,841 1074,827 1067,779 644,793 605,791 549,784 547,784 545,784 517,791 501,795 469,793 391,786 388,786 335,795 324,798 310,798 220,788 218,788 142,800 144,839"/>
        <Baseline points="144,839 1074,827"/>
        <TextEquiv conf="0.9804778063998503">
          <Unicode>ycelle saison que, Ie uous senefie</Unicode>
        </TextEquiv>
      </TextLine>

      
      
      <TextLine id="eSc_line_729fb196" custom="structure {type:default;}">
        <Coords points="1046,830 1044,830 987,844 959,832 957,832 954,832 952,832 950,832 934,846 895,832 892,832 890,832 888,832 885,832 885,834 869,848 819,834 816,834 814,834 812,834 809,834 809,837 796,850 793,850 784,850 681,834 678,834 676,834 674,834 651,850 646,855 510,855 510,853 494,839 494,837 492,837 490,837 487,837 485,837 448,853 444,855 427,853 310,839 308,839 306,839 303,839 283,855 278,857 253,855 144,846 142,846 140,846 124,853 126,896 126,922 243,908 312,917 315,917 317,917 319,917 319,915 331,906 381,919 384,919 386,919 503,903 791,903 805,915 807,915 809,915 812,915 828,913 915,901 1017,908 1019,908 1021,908 1023,908 1023,906 1035,896 1072,910 1076,910 1079,910 1081,910 1219,906 1221,887 1219,846 1049,830 1046,830"/>
        <Baseline points="126,896 814,880 1221,887"/>
        <TextEquiv conf="0.9717166591913272">
          <Unicode>tant es uous uenus au palailĩt flã bi</Unicode>
        </TextEquiv>
      </TextLine>

      
      
      <TextLine id="eSc_line_b9291acb" custom="structure {type:default;}">
        <Coords points="1440,906 1417,901 1394,896 1382,894 1168,894 1150,887 1141,887 1118,887 1109,887 1072,894 1060,896 1030,894 881,885 878,885 876,885 849,896 839,899 789,896 621,887 618,887 174,899 177,947 177,975 260,959 333,970 335,970 338,970 370,954 473,968 476,968 478,968 480,968 499,952 543,963 545,963 547,963 653,949 784,961 786,961 858,947 934,959 938,959 941,959 943,959 945,959 957,947 991,959 1019,965 1021,965 1023,965 1026,965 1058,956 1095,945 1118,954 1136,963 1138,963 1141,963 1410,961 1412,961 1415,961 1428,947 1435,942 1447,947 1454,931 1449,906 1440,906"/>
        <Baseline points="177,947 683,933 1454,931"/>
        <TextEquiv conf="0.9884947311310541">
          <Unicode>gentil roy descoche que tang ot seignourie</Unicode>
        </TextEquiv>
      </TextLine>

      
      
      <TextLine id="eSc_line_2e64e80a" custom="structure {type:default;}">
        <Coords points="773,933 770,933 701,952 651,936 648,936 646,936 644,936 600,959 503,938 501,940 483,940 471,949 301,947 299,947 296,947 294,947 273,963 257,949 255,949 253,949 250,949 248,949 246,949 225,963 170,952 167,952 165,952 133,963 135,1000 135,1030 253,1014 271,1025 273,1025 276,1025 278,1025 280,1025 283,1025 310,1007 358,1028 361,1028 363,1028 365,1028 368,1028 455,1005 598,1025 609,1025 612,1025 614,1025 618,1025 683,1005 793,1014 796,1014 798,1014 800,1014 816,998 950,998 1046,1014 1049,1014 1051,1014 1092,1002 1157,1016 1159,1016 1309,1014 1309,988 1304,949 1079,949 1042,936 1040,936 1037,936 1035,936 1033,936 1012,949 996,938 996,936 994,936 991,936 989,936 987,936 943,947 775,933 773,933"/>
        <Baseline points="135,1000 876,982 1309,988"/>
        <TextEquiv conf="0.9653107345104217">
          <Unicode>das nestoit uapasies sycõmelistoire cae</Unicode>
        </TextEquiv>
      </TextLine>

      
      
      <TextLine id="eSc_line_8a8f4087" custom="structure {type:default;}">
        <Coords points="842,984 839,984 800,998 789,1000 770,998 692,986 683,988 671,988 653,1000 648,1005 575,1005 572,1002 559,991 556,991 554,991 552,991 549,991 547,991 529,1002 492,993 476,993 460,993 444,1007 425,993 407,995 404,995 358,1007 329,995 315,998 303,998 280,1009 280,1011 177,1011 179,1055 179,1076 324,1076 324,1074 338,1071 398,1058 453,1069 471,1071 473,1071 476,1071 485,1069 515,1055 616,1064 621,1064 623,1064 625,1064 681,1053 722,1062 738,1067 740,1067 743,1067 745,1067 763,1062 803,1051 865,1060 888,1062 890,1062 915,1058 973,1048 1111,1053 1113,1032 1109,991 844,984 842,984"/>
        <Baseline points="179,1055 446,1037 1113,1032"/>
        <TextEquiv conf="0.9789566362605375">
          <Unicode>Roy ua saluer et dist a uois serie</Unicode>
        </TextEquiv>
      </TextLine>

      
      
      <TextLine id="eSc_line_66461da1" custom="structure {type:default;}">
        <Coords points="814,1035 812,1035 809,1035 807,1035 807,1037 791,1053 786,1053 678,1039 676,1039 490,1046 487,1046 485,1046 457,1064 432,1055 430,1055 427,1055 425,1055 400,1067 368,1051 365,1051 363,1051 112,1076 115,1124 115,1140 687,1110 761,1113 862,1117 865,1117 867,1117 869,1117 883,1108 888,1104 901,1106 936,1115 938,1115 941,1115 943,1115 977,1104 984,1101 1014,1101 1191,1106 1194,1106 1283,1087 1283,1076 1277,1037 1173,1039 1171,1039 1134,1025 1132,1025 1129,1025 1127,1025 1125,1025 1104,1041 1102,1041 1095,1041 913,1037 911,1037 908,1037 860,1048 816,1035 814,1035"/>
        <Baseline points="115,1124 563,1092 1283,1076"/>
        <TextEquiv conf="0.975795584480937">
          <Unicode>lere rois deugleterle or soit me uois oie</Unicode>
        </TextEquiv>
      </TextLine>

      
      
      <TextLine id="eSc_line_40025d61" custom="structure {type:default;}">
        <Coords points="1412,1092 1389,1087 1378,1085 1254,1092 1240,1087 1214,1081 1212,1081 1210,1081 1208,1081 1205,1081 1194,1090 1184,1097 1148,1092 1106,1085 1104,1085 1102,1085 1081,1094 1067,1099 1035,1094 977,1087 975,1087 973,1087 971,1087 971,1090 961,1097 957,1101 934,1099 878,1092 876,1092 874,1092 851,1101 839,1106 832,1101 816,1092 814,1092 812,1092 809,1092 807,1092 782,1104 777,1106 745,1106 595,1097 593,1097 147,1124 149,1170 151,1189 184,1175 220,1186 230,1189 232,1189 234,1189 407,1184 409,1184 425,1179 460,1168 522,1175 556,1179 559,1179 561,1179 577,1175 607,1161 793,1159 814,1166 828,1170 830,1170 832,1170 835,1170 855,1163 874,1159 881,1163 892,1170 895,1170 897,1170 899,1170 901,1170 922,1161 941,1154 968,1161 1005,1168 1007,1168 1010,1168 1012,1168 1023,1159 1030,1154 1095,1156 1258,1161 1260,1161 1263,1161 1265,1161 1265,1159 1277,1150 1281,1145 1290,1150 1318,1159 1320,1159 1323,1159 1433,1143 1433,1133 1426,1092 1412,1092"/>
        <Baseline points="149,1170 724,1140 1433,1133"/>
        <TextEquiv conf="0.9823932960629463">
          <Unicode>uous pry ⁊ Requier me char soit baptisie</Unicode>
        </TextEquiv>
      </TextLine>

      
      
      <TextLine id="eSc_line_d801ae9c" custom="structure {type:default;}">
        <Coords points="1364,1136 1359,1136 1336,1136 1313,1136 1290,1136 1270,1136 1265,1140 1254,1147 1237,1140 1224,1136 1221,1136 1219,1136 1217,1136 1196,1143 1173,1150 1166,1143 1161,1138 1152,1138 1143,1138 1127,1145 1113,1150 1090,1145 1044,1138 1042,1138 996,1150 973,1154 961,1150 943,1143 941,1143 938,1143 936,1143 934,1143 924,1152 915,1156 821,1154 625,1150 623,1150 547,1163 531,1166 520,1166 455,1154 444,1154 418,1168 414,1170 381,1170 287,1163 278,1166 257,1166 248,1175 246,1177 117,1177 119,1221 119,1246 513,1237 552,1228 598,1219 628,1225 653,1232 655,1232 658,1232 660,1232 685,1223 717,1209 908,1209 920,1214 957,1225 959,1225 961,1225 964,1225 966,1225 984,1209 991,1205 1010,1209 1056,1221 1058,1221 1060,1221 1219,1200 1226,1200 1265,1216 1267,1216 1270,1216 1272,1216 1274,1216 1300,1196 1302,1196 1304,1196 1343,1212 1346,1212 1348,1212 1350,1212 1415,1191 1415,1177 1405,1136 1375,1145 1366,1136 1364,1136"/>
        <Baseline points="119,1221 416,1214 669,1193 1415,1177"/>
        <TextEquiv conf="0.9689047394729242">
          <Unicode>ie soie ceestreus pourdieu Ie uous en pir</Unicode>
        </TextEquiv>
      </TextLine>

      
      
      <TextLine id="eSc_line_8f669361" custom="structure {type:default;}">
        <Coords points="110,1283 110,1304 358,1283 386,1294 395,1297 398,1297 400,1297 402,1297 411,1292 432,1281 494,1288 529,1292 531,1292 533,1292 561,1285 607,1274 658,1281 692,1285 694,1285 697,1285 699,1285 699,1283 706,1278 713,1271 786,1274 830,1276 832,1276 869,1271 922,1262 961,1267 1028,1274 1030,1274 1090,1260 1111,1255 1115,1258 1132,1269 1134,1269 1136,1269 1138,1269 1141,1269 1171,1255 1175,1255 1196,1255 1410,1260 1412,1260 1415,1260 1463,1242 1463,1230 1454,1179 1394,1196 1336,1186 1334,1186 1332,1186 1329,1186 1329,1189 1318,1200 1210,1202 1168,1193 1152,1189 1150,1189 1148,1189 1097,1196 1005,1209 858,1207 717,1205 715,1205 639,1216 625,1219 618,1219 568,1212 566,1212 563,1212 538,1223 526,1228 515,1223 494,1214 492,1214 490,1214 487,1214 464,1225 455,1230 434,1228 386,1219 384,1219 381,1219 358,1230 354,1232 338,1232 248,1223 246,1223 243,1223 241,1223 241,1225 227,1237 227,1239 108,1242 110,1283"/>
        <Baseline points="110,1283 704,1248 1463,1230"/>
        <TextEquiv conf="0.9801421960194906">
          <Unicode>et quant le Roy lentent bonnement leu merchie</Unicode>
        </TextEquiv>
      </TextLine>

      
      
      <TextLine id="eSc_line_3292ee3b" custom="structure {type:default;}">
        <Coords points="1196,1237 1194,1237 1191,1237 1189,1237 1168,1253 1152,1253 1040,1258 1037,1258 1012,1246 1010,1246 1007,1246 1005,1246 1003,1246 989,1258 961,1246 959,1246 957,1246 954,1246 922,1262 920,1262 842,1251 839,1251 837,1251 835,1251 835,1253 819,1267 816,1267 814,1267 729,1255 727,1255 724,1255 722,1255 697,1271 692,1271 607,1260 605,1260 517,1278 515,1278 446,1267 444,1267 172,1292 177,1340 177,1361 273,1366 276,1366 278,1366 280,1366 280,1363 287,1359 296,1347 310,1357 317,1363 319,1363 322,1363 324,1363 393,1361 395,1361 418,1354 450,1343 478,1352 497,1357 499,1357 501,1357 503,1357 522,1350 566,1334 671,1338 674,1338 773,1324 853,1338 869,1340 872,1340 874,1340 883,1338 936,1317 952,1334 952,1336 954,1336 957,1336 959,1336 973,1334 1072,1313 1120,1329 1122,1329 1125,1329 1127,1329 1129,1329 1132,1329 1161,1311 1184,1327 1187,1327 1189,1327 1191,1327 1194,1327 1196,1327 1224,1311 1346,1320 1348,1290 1343,1246 1224,1248 1198,1237 1196,1237"/>
        <Baseline points="177,1340 740,1304 1348,1290"/>
        <TextEquiv conf="0.980495015780131">
          <Unicode>roy fist baptissier iue le cgure ot hardie</Unicode>
        </TextEquiv>
      </TextLine>

      
      
      <TextLine id="eSc_line_a7e7408a" custom="structure {type:default;}">
        <Coords points="133,1396 133,1416 156,1426 161,1396 161,1359 133,1354 133,1396"/>
        <Baseline points="133,1396 161,1396"/>
        <TextEquiv conf="0.997764378786087">
          <Unicode>25</Unicode>
        </TextEquiv>
      </TextLine>

      
      
      <TextLine id="eSc_line_5e4bcc11" custom="structure {type:default;}">
        <Coords points="335,1331 315,1331 294,1347 197,1350 200,1389 200,1416 308,1403 416,1409 453,1412 455,1412 457,1412 471,1407 524,1391 593,1403 614,1405 616,1405 618,1405 630,1400 669,1386 724,1396 727,1396 729,1396 731,1396 775,1384 791,1393 798,1398 800,1398 803,1398 805,1398 807,1398 832,1391 869,1382 920,1386 975,1393 977,1393 980,1393 1003,1384 1026,1375 1058,1382 1099,1389 1102,1389 1104,1389 1106,1389 1122,1380 1136,1370 1157,1377 1180,1384 1182,1384 1184,1384 1279,1370 1281,1352 1279,1308 1237,1297 1235,1297 1233,1297 1231,1297 1198,1311 1191,1315 991,1320 982,1320 924,1308 922,1308 920,1308 918,1308 918,1311 915,1311 906,1322 904,1324 885,1324 791,1315 789,1315 786,1315 754,1327 653,1317 651,1317 648,1317 609,1334 591,1320 589,1320 586,1320 584,1320 450,1340 444,1340 441,1340 342,1329 335,1331"/>
        <Baseline points="200,1389 800,1361 1281,1352"/>
        <TextEquiv conf="0.9755615960149204">
          <Unicode>dieui par luy fu nr̃e lon exauchir</Unicode>
        </TextEquiv>
      </TextLine>

      
      
      <TextLine id="eSc_line_7032783f" custom="structure {type:default;}">
        <Coords points="1479,1359 1474,1347 1472,1345 1470,1345 1468,1345 1465,1345 1463,1345 1431,1359 1343,1350 1341,1350 1339,1350 1290,1366 1249,1354 1247,1354 1244,1354 1145,1373 1051,1363 1049,1363 950,1382 865,1373 862,1373 860,1373 832,1386 690,1382 687,1382 549,1400 531,1389 529,1389 526,1389 524,1389 522,1389 490,1403 407,1396 404,1396 402,1396 349,1409 326,1398 324,1398 322,1398 213,1416 138,1407 135,1407 133,1407 131,1407 121,1412 126,1465 126,1492 253,1478 264,1488 266,1488 269,1488 271,1488 273,1488 276,1488 276,1485 294,1467 398,1478 407,1478 409,1478 411,1478 416,1478 471,1458 524,1467 526,1467 529,1467 566,1455 584,1467 586,1467 589,1467 591,1467 593,1467 595,1467 616,1453 720,1458 731,1458 734,1458 736,1458 738,1458 754,1446 780,1455 805,1462 807,1462 809,1462 812,1462 814,1462 814,1460 823,1451 832,1439 860,1439 899,1446 941,1455 943,1455 945,1455 994,1442 1010,1437 1023,1439 1076,1449 1079,1449 1081,1449 1083,1449 1083,1446 1097,1435 1102,1432 1120,1432 1249,1442 1251,1442 1254,1442 1320,1421 1323,1421 1325,1421 1445,1432 1447,1432 1449,1432 1491,1409 1491,1403 1488,1377 1479,1359"/>
        <Baseline points="126,1465 853,1416 1491,1403"/>
        <TextEquiv conf="0.9650330530560535">
          <Unicode>Nanit iurc et mainit paien toly de pais la uie</Unicode>
        </TextEquiv>
      </TextLine>

      
      
      <TextLine id="eSc_line_7f831910" custom="structure {type:default;}">
        <Coords points="119,1550 269,1543 271,1543 273,1543 287,1531 322,1540 331,1540 333,1540 335,1540 345,1538 421,1520 480,1529 483,1529 485,1529 515,1517 533,1529 538,1531 540,1531 543,1531 545,1531 547,1531 559,1527 589,1513 628,1522 641,1527 644,1527 646,1527 648,1527 651,1527 651,1524 655,1522 669,1508 869,1511 1023,1511 1026,1511 1028,1511 1030,1511 1042,1501 1053,1492 1086,1499 1120,1504 1122,1504 1173,1492 1175,1472 1166,1421 1134,1432 1092,1423 1088,1423 1086,1423 1083,1423 1081,1423 1081,1426 1067,1437 1028,1426 1023,1426 1021,1426 1019,1426 1000,1428 878,1446 570,1446 540,1446 538,1446 510,1449 163,1476 117,1465 119,1524 119,1550"/>
        <Baseline points="119,1524 446,1497 1175,1472"/>
        <TextEquiv conf="0.981839958164427">
          <Unicode>ueris ot auon le soie ame en saintie</Unicode>
        </TextEquiv>
      </TextLine>

      
      
      <TextLine id="eSc_line_debf1921" custom="structure {type:default;}">
        <Coords points="1164,1474 1157,1474 1155,1474 1138,1490 1092,1476 1072,1476 1063,1476 973,1504 918,1504 895,1485 892,1485 890,1485 888,1485 885,1485 849,1497 832,1485 819,1485 816,1485 814,1488 793,1501 731,1494 729,1494 727,1494 724,1494 706,1511 676,1492 674,1490 671,1490 669,1490 667,1490 630,1494 444,1522 126,1529 110,1515 110,1568 110,1593 453,1584 455,1584 457,1584 457,1582 460,1582 467,1573 483,1580 487,1582 490,1582 492,1582 531,1577 621,1568 671,1573 713,1575 715,1575 717,1575 720,1575 729,1570 743,1561 839,1563 943,1568 945,1568 947,1568 950,1568 950,1566 952,1566 957,1559 961,1554 1003,1557 1083,1563 1086,1563 1088,1563 1109,1552 1118,1547 1233,1545 1258,1545 1371,1554 1373,1554 1463,1536 1463,1515 1454,1462 1398,1485 1313,1488 1286,1469 1283,1469 1281,1469 1279,1469 1164,1469 1164,1474"/>
        <Baseline points="110,1568 552,1559 807,1534 1463,1515"/>
        <TextEquiv conf="0.9897217169040586">
          <Unicode>auit amory descoche auon zien deultes mir</Unicode>
        </TextEquiv>
      </TextLine>

      
      
      <TextLine id="eSc_line_bb89119b" custom="structure {type:default;}">
        <Coords points="593,1557 570,1559 547,1561 524,1561 508,1561 494,1570 133,1570 135,1619 135,1649 264,1649 266,1649 269,1649 273,1644 285,1637 319,1642 352,1646 354,1646 356,1646 358,1646 358,1644 365,1639 381,1623 404,1637 414,1644 416,1644 418,1644 421,1644 423,1644 439,1635 455,1628 469,1635 487,1642 490,1642 492,1642 543,1630 556,1628 570,1628 644,1637 646,1637 648,1637 651,1637 667,1623 669,1621 671,1623 685,1630 687,1630 690,1630 738,1621 796,1605 897,1605 906,1612 918,1621 920,1621 922,1621 924,1621 927,1621 929,1621 947,1609 957,1603 1028,1600 1035,1605 1049,1616 1051,1616 1053,1616 1056,1616 1058,1616 1092,1605 1129,1616 1132,1616 1134,1616 1136,1616 1173,1598 1247,1605 1249,1605 1251,1605 1274,1591 1274,1573 1270,1534 1102,1534 1099,1534 1097,1534 1095,1534 1090,1538 1076,1550 1037,1540 1019,1536 1017,1536 1014,1536 1012,1536 1010,1536 1005,1540 996,1550 975,1543 964,1538 961,1538 959,1538 957,1538 954,1538 950,1543 938,1550 858,1545 793,1543 791,1543 757,1550 685,1563 595,1554 593,1557"/>
        <Baseline points="135,1619 614,1607 777,1586 1274,1573"/>
        <TextEquiv conf="0.9824865613228235">
          <Unicode>t quant ly estochois orent les uois oie</Unicode>
        </TextEquiv>
      </TextLine>

      
      
      <TextLine id="eSc_line_edd776c0" custom="structure {type:default;}">
        <Coords points="453,1612 450,1612 448,1612 425,1630 338,1623 335,1623 333,1623 331,1623 317,1635 287,1619 285,1619 283,1619 280,1619 278,1619 255,1637 181,1628 179,1628 177,1628 174,1628 174,1630 172,1630 167,1632 172,1674 172,1697 579,1695 754,1672 770,1672 784,1672 954,1678 957,1678 959,1678 1017,1662 1056,1674 1058,1674 1060,1674 1063,1674 1065,1674 1065,1672 1083,1658 1138,1669 1141,1669 1221,1651 1224,1651 1267,1665 1270,1665 1272,1665 1382,1642 1382,1621 1380,1577 1309,1575 1306,1575 1304,1575 1288,1582 1260,1593 1194,1586 1164,1584 1161,1584 1159,1584 1148,1589 1129,1598 1104,1591 1076,1586 1074,1586 1072,1586 1069,1586 1060,1593 1053,1598 1030,1596 957,1589 954,1589 952,1589 922,1603 920,1603 915,1603 853,1593 851,1593 849,1593 809,1609 793,1614 724,1614 589,1612 586,1612 584,1612 543,1623 533,1626 526,1626 455,1612 453,1612"/>
        <Baseline points="172,1674 471,1672 791,1646 1382,1621"/>
        <TextEquiv conf="0.9561317854149397">
          <Unicode>ne leuz sires auoit eiussy se ht loy cangie</Unicode>
        </TextEquiv>
      </TextLine>

      
      
      <TextLine id="eSc_line_210cf758" custom="structure {type:default;}">
        <Coords points="135,1736 135,1757 1173,1720 1173,1697 1168,1662 803,1662 800,1662 685,1674 554,1685 522,1676 510,1674 508,1674 506,1674 503,1674 501,1674 499,1678 485,1690 423,1690 333,1681 315,1681 312,1681 310,1681 308,1681 308,1683 294,1697 216,1697 133,1688 135,1736"/>
        <Baseline points="135,1736 1173,1697"/>
        <TextEquiv conf="0.982260493768586">
          <Unicode>atiere lyout coute et tolur et cauir</Unicode>
        </TextEquiv>
      </TextLine>

      
      
      <TextLine id="eSc_line_d7e0b44a" custom="structure {type:default;}">
        <Coords points="158,1796 158,1812 411,1819 414,1819 416,1819 471,1800 494,1793 510,1798 538,1810 540,1810 543,1810 621,1807 623,1807 625,1807 625,1805 637,1793 639,1793 671,1805 674,1805 676,1805 754,1789 796,1782 809,1787 835,1798 837,1798 839,1798 842,1798 844,1798 860,1787 869,1777 922,1777 947,1782 1000,1793 1003,1793 1005,1793 1058,1777 1067,1775 1074,1777 1106,1789 1109,1789 1111,1789 1113,1789 1115,1789 1134,1775 1141,1770 1148,1775 1173,1787 1175,1787 1178,1789 1302,1789 1302,1787 1304,1787 1350,1766 1350,1754 1346,1713 991,1711 989,1711 860,1729 855,1729 853,1729 736,1720 734,1720 731,1720 729,1720 713,1734 678,1724 676,1724 674,1724 538,1741 536,1741 533,1741 356,1734 354,1734 352,1734 319,1747 287,1736 285,1736 283,1736 280,1736 278,1736 278,1738 276,1738 266,1752 156,1754 158,1796"/>
        <Baseline points="158,1796 803,1764 1350,1754"/>
        <TextEquiv conf="0.9869316330081538">
          <Unicode>Ries cheste aueuue que ie uous seurfie</Unicode>
        </TextEquiv>
      </TextLine>

      
      
      <TextLine id="eSc_line_57d975e9" custom="structure {type:default;}">
        <Coords points="121,1853 121,1867 177,1883 179,1883 181,1883 184,1883 250,1865 253,1865 255,1865 338,1879 340,1879 395,1876 398,1876 400,1876 421,1860 423,1858 434,1860 497,1872 499,1872 501,1872 554,1856 577,1851 630,1856 729,1862 731,1862 791,1851 846,1839 1175,1839 1178,1814 1171,1766 119,1805 121,1853"/>
        <Baseline points="121,1853 888,1819 1178,1814"/>
        <TextEquiv conf="0.9496444963639782">
          <Unicode>ho nlle gõmes banere desp loie</Unicode>
        </TextEquiv>
      </TextLine>

      
      
      <TextLine id="eSc_line_75479f06" custom="structure {type:default;}">
        <Coords points="1537,1821 140,1856 142,1906 142,1925 349,1927 352,1927 386,1920 421,1913 487,1918 552,1922 554,1922 556,1922 559,1922 559,1920 563,1915 572,1908 623,1915 653,1918 655,1918 658,1918 660,1918 660,1915 662,1913 671,1906 697,1913 715,1918 717,1918 720,1918 809,1911 968,1897 1065,1904 1095,1906 1097,1906 1099,1906 1109,1904 1148,1892 1260,1899 1293,1902 1295,1902 1327,1899 1435,1885 1454,1895 1458,1897 1461,1897 1463,1897 1546,1892 1546,1867 1539,1821 1537,1821"/>
        <Baseline points="142,1906 1546,1867"/>
        <TextEquiv conf="0.9826929278151934">
          <Unicode>en uout tout congueraint sur le gẽt paieme</Unicode>
        </TextEquiv>
      </TextLine>

      
      
      <TextLine id="eSc_line_b73d23e6" custom="structure {type:default;}">
        <Coords points="1168,1879 1134,1881 1017,1895 968,1885 957,1883 945,1885 934,1885 927,1888 890,1897 842,1890 826,1888 807,1888 793,1888 791,1890 773,1899 743,1892 734,1890 715,1892 699,1892 692,1895 658,1902 628,1895 625,1892 623,1895 600,1895 598,1895 593,1897 570,1904 501,1899 478,1897 462,1899 439,1899 421,1899 416,1902 402,1908 117,1908 119,1945 119,1973 370,1959 556,1966 579,1966 582,1966 584,1966 586,1966 618,1954 890,1959 901,1959 904,1959 906,1959 931,1948 991,1957 994,1957 1056,1945 1240,1952 1242,1952 1244,1952 1281,1941 1504,1948 1507,1918 1497,1872 1470,1885 1396,1874 1387,1874 1385,1874 1382,1874 1375,1874 1323,1888 1201,1881 1171,1879 1168,1879"/>
        <Baseline points="119,1945 1507,1918"/>
        <TextEquiv conf="0.9857097988904908">
          <Unicode>Et pour trouuyr el auec ont mis leur estudu</Unicode>
        </TextEquiv>
      </TextLine>

      
      
      <TextLine id="eSc_line_cb6a2ed1" custom="structure {type:default;}">
        <Coords points="193,2000 193,2026 262,2010 315,2023 317,2023 319,2023 322,2023 324,2023 329,2023 384,2005 586,2005 635,2014 660,2019 662,2019 664,2019 683,2014 717,2003 766,2012 805,2017 807,2017 892,2014 895,2014 897,2014 906,2007 918,2000 941,2005 975,2014 977,2014 980,2014 1040,2003 1046,2003 1049,2003 1067,2012 1069,2012 1072,2012 1074,2012 1076,2012 1092,2003 1099,1998 1120,2000 1175,2010 1178,2010 1180,2010 1203,1998 1205,1998 1214,1998 1295,2010 1297,2010 1520,1989 1520,1966 1514,1931 977,1948 913,1943 823,1938 821,1938 819,1938 816,1938 805,1945 796,1950 724,1948 559,1943 556,1943 506,1952 494,1954 473,1954 349,1945 347,1945 190,1959 193,2000"/>
        <Baseline points="193,2000 407,1989 1329,1980 1520,1966"/>
        <TextEquiv conf="0.9927887350320816">
          <Unicode>sanchois quil en caient uraie nouuellran</Unicode>
        </TextEquiv>
      </TextLine>

      
      
      <TextLine id="eSc_line_e34e1324" custom="structure {type:default;}">
        <Coords points="110,2065 110,2086 285,2076 322,2083 347,2086 349,2086 352,2086 354,2086 354,2083 358,2081 375,2065 411,2079 423,2083 425,2083 427,2083 430,2083 444,2079 487,2060 547,2072 549,2072 552,2072 554,2072 554,2070 566,2060 681,2067 683,2067 784,2056 830,2065 839,2067 842,2067 844,2067 849,2065 874,2053 911,2063 918,2065 920,2065 922,2065 941,2063 1005,2051 1028,2060 1042,2065 1044,2065 1046,2065 1090,2058 1129,2051 1141,2056 1171,2070 1173,2070 1175,2070 1235,2056 1247,2065 1247,2067 1249,2067 1251,2067 1254,2067 1403,2065 1405,2065 1440,2046 1440,2035 1435,1996 1228,1984 1226,1984 1224,1984 1221,1984 1221,1987 1208,1998 1205,2000 1198,1998 1141,1987 1138,1987 1136,1987 1134,1987 1118,1998 1044,1989 1042,1989 1040,1989 1010,2003 1007,2003 1005,2003 954,1991 952,1991 950,1991 911,2003 853,1991 851,1991 849,1991 791,2007 789,2007 784,2007 740,1994 738,1994 736,1994 653,2007 478,1998 476,1998 473,1998 471,1998 471,2000 457,2014 455,2017 345,2017 329,2017 227,2003 225,2003 223,2003 220,2003 197,2019 193,2021 108,2021 110,2065"/>
        <Baseline points="110,2065 639,2040 1440,2035"/>
        <TextEquiv conf="0.9617170844136215">
          <Unicode>lonq̾ient mauit pais mainte chites carim.</Unicode>
        </TextEquiv>
      </TextLine>

      
      
      <TextLine id="eSc_line_91c6d86d" custom="structure {type:default;}">
        <Coords points="1076,2037 1056,2037 1044,2046 1023,2040 1007,2040 989,2040 984,2044 920,2040 915,2040 892,2040 874,2040 835,2051 699,2040 697,2040 694,2040 667,2053 609,2042 607,2042 427,2063 377,2053 363,2053 352,2053 340,2060 342,2102 342,2116 1231,2104 1233,2104 1235,2104 1249,2093 1297,2102 1300,2083 1295,2042 1109,2042 1095,2037 1076,2037"/>
        <Baseline points="342,2102 966,2079 1300,2083"/>
        <TextEquiv conf="0.9686630889773369">
          <Unicode>lon malõmet kout moult abaissie</Unicode>
        </TextEquiv>
      </TextLine>

      
      
      <TextLine id="eSc_line_1a6571fa" custom="structure {type:default;}">
        <Coords points="1267,2083 1244,2083 1228,2083 1221,2090 1106,2093 1102,2093 1060,2081 1058,2081 1056,2081 959,2097 950,2097 945,2097 908,2088 906,2088 904,2088 809,2099 796,2102 791,2102 754,2090 752,2090 750,2090 662,2104 648,2106 639,2104 600,2095 598,2095 595,2095 593,2095 591,2095 575,2106 572,2109 566,2106 524,2097 522,2097 520,2097 517,2097 515,2097 499,2109 497,2111 140,2118 142,2159 142,2185 262,2182 264,2182 266,2182 296,2164 363,2180 368,2180 370,2180 372,2180 375,2180 407,2162 430,2178 432,2178 434,2178 437,2178 439,2178 441,2178 441,2175 462,2159 616,2168 618,2168 731,2152 763,2164 768,2166 770,2166 773,2166 796,2164 911,2145 989,2157 1000,2157 1003,2157 1014,2155 1074,2141 1120,2150 1141,2155 1143,2155 1145,2155 1148,2155 1155,2150 1171,2139 1187,2148 1198,2155 1201,2155 1203,2155 1306,2143 1306,2127 1302,2088 1277,2083 1267,2083"/>
        <Baseline points="142,2159 816,2132 1306,2127"/>
        <TextEquiv conf="0.990792213167463">
          <Unicode>usy que uous bres se me uois est ou</Unicode>
        </TextEquiv>
      </TextLine>

      
      
      <TextLine id="eSc_line_30c19895" custom="structure {type:default;}">
        <Coords points="1304,2129 1281,2129 1258,2129 1247,2139 1198,2129 1189,2129 1166,2129 1161,2129 1145,2141 1134,2129 1120,2129 1111,2129 1074,2139 1046,2132 1028,2132 1014,2132 1000,2141 952,2132 936,2132 929,2132 897,2148 885,2136 883,2136 881,2136 878,2136 876,2136 874,2136 851,2150 803,2139 800,2139 798,2139 796,2139 793,2139 793,2141 782,2152 750,2136 747,2136 729,2136 706,2136 683,2139 664,2139 616,2150 522,2145 520,2145 517,2145 515,2145 515,2148 501,2162 462,2148 455,2148 446,2148 414,2164 411,2166 156,2171 158,2212 158,2237 271,2224 285,2235 287,2235 289,2235 292,2235 540,2226 543,2226 549,2224 595,2208 635,2219 655,2226 658,2226 660,2226 662,2226 694,2217 713,2212 727,2217 752,2224 754,2224 757,2224 759,2224 761,2224 773,2214 784,2205 793,2212 803,2221 805,2221 807,2221 809,2221 812,2221 851,2210 885,2201 911,2208 929,2212 931,2212 934,2212 936,2212 938,2212 938,2210 941,2210 943,2205 950,2196 1113,2196 1120,2198 1138,2212 1141,2212 1143,2212 1145,2212 1265,2191 1286,2189 1297,2191 1373,2208 1375,2208 1378,2208 1426,2185 1426,2168 1424,2134 1389,2118 1387,2118 1385,2118 1304,2120 1304,2129"/>
        <Baseline points="158,2212 453,2205 628,2187 1426,2168"/>
        <TextEquiv conf="0.9720628715696789">
          <Unicode>⁊ cõmenche lanthon que doibt estre prisie</Unicode>
        </TextEquiv>
      </TextLine>

      
      
      <TextLine id="eSc_line_c1ff8c1d" custom="structure {type:default;}">
        <Coords points="1900,2201 1877,2196 1854,2194 1831,2191 1808,2191 1785,2189 1762,2187 1739,2185 1739,2217 1737,2235 1916,2233 1919,2219 1914,2212 1900,2201"/>
        <Baseline points="1739,2217 1919,2219"/>
        <TextEquiv conf="0.9067789784499577">
          <Unicode>uinoirs</Unicode>
        </TextEquiv>
      </TextLine>

      
      
      <TextLine id="eSc_line_5590b457" custom="structure {type:default;}">
        <Coords points="1562,2173 1539,2171 1516,2168 1502,2182 1451,2168 1445,2166 1442,2166 1440,2166 1438,2166 1428,2168 1424,2168 1424,2171 1419,2171 1369,2187 1277,2175 1256,2173 1254,2173 1233,2175 1145,2194 1106,2182 1095,2178 1092,2178 1090,2178 1056,2185 975,2198 918,2189 885,2185 883,2185 881,2185 858,2191 812,2205 789,2194 777,2189 775,2189 773,2189 770,2189 750,2196 713,2208 653,2201 605,2194 602,2194 538,2205 460,2217 253,2217 255,2263 255,2290 308,2290 308,2288 310,2288 312,2288 331,2272 379,2286 384,2286 386,2286 388,2286 391,2286 395,2283 425,2274 503,2281 517,2281 520,2281 529,2281 607,2263 635,2274 637,2274 639,2274 641,2274 699,2260 780,2272 786,2272 789,2272 791,2272 793,2272 830,2256 918,2267 924,2267 927,2267 929,2267 931,2267 954,2251 1007,2260 1010,2260 1012,2260 1014,2260 1014,2258 1026,2249 1325,2254 1366,2254 1369,2254 1387,2251 1500,2235 1580,2244 1583,2221 1578,2173 1562,2173"/>
        <Baseline points="255,2263 1014,2231 1583,2221"/>
        <TextEquiv conf="0.9913535989247836">
          <Unicode>deux cus uous luray ꝓchy acellesieret d</Unicode>
        </TextEquiv>
      </TextLine>

      
      
      <TextLine id="eSc_line_d589938f" custom="structure {type:default;}">
        <Coords points="1875,2231 1709,2221 1709,2265 1709,2332 1891,2346 1893,2265 1893,2263 1875,2231"/>
        <Baseline points="1709,2265 1893,2265"/>
        <TextEquiv conf="0.8486189742883047">
          <Unicode>paigio</Unicode>
        </TextEquiv>
      </TextLine>

      
      
      <TextLine id="eSc_line_0d56913b" custom="structure {type:default;}">
        <Coords points="681,2247 676,2247 646,2267 471,2270 375,2258 358,2260 335,2260 312,2260 308,2260 289,2272 292,2313 292,2341 384,2339 386,2339 388,2339 388,2336 400,2327 437,2339 439,2339 441,2339 444,2339 460,2339 577,2325 614,2334 616,2334 618,2334 621,2334 623,2334 625,2334 662,2316 699,2332 701,2332 704,2332 713,2332 849,2313 924,2327 936,2327 938,2327 941,2327 945,2325 991,2309 1003,2320 1005,2320 1007,2320 1010,2320 1122,2304 1168,2320 1171,2320 1173,2320 1175,2320 1178,2320 1180,2320 1233,2302 1279,2318 1281,2318 1283,2318 1286,2318 1288,2318 1290,2318 1341,2300 1392,2316 1396,2316 1398,2316 1401,2316 1495,2311 1495,2279 1493,2244 1405,2235 1403,2235 1401,2235 1369,2247 1348,2228 1346,2228 1343,2228 1341,2228 1267,2242 1254,2231 1251,2231 1249,2231 1247,2231 936,2237 934,2237 931,2237 901,2260 791,2263 750,2263 692,2244 681,2247"/>
        <Baseline points="292,2313 727,2304 1051,2279 1495,2279"/>
        <TextEquiv conf="0.9699101150035858">
          <Unicode>deux freno heury estdrois que ie uou̾s</Unicode>
        </TextEquiv>
      </TextLine>

      
      
      <TextLine id="eSc_line_f5bb441d" custom="structure {type:default;}">
        <Coords points="161,2382 161,2403 207,2415 209,2415 315,2396 324,2396 331,2396 409,2405 411,2405 570,2385 577,2385 589,2394 589,2396 591,2396 593,2396 595,2396 697,2392 699,2392 724,2378 747,2389 750,2389 752,2389 754,2389 793,2378 908,2382 911,2382 913,2382 957,2366 961,2366 964,2366 1007,2378 1010,2378 1012,2378 1014,2378 1017,2378 1035,2364 1037,2362 1212,2355 1217,2355 1258,2366 1260,2366 1263,2366 1265,2366 1297,2352 1408,2359 1410,2359 1412,2359 1456,2343 1456,2327 1451,2293 1267,2297 1251,2286 1249,2286 1247,2286 1244,2286 1242,2286 1180,2302 1159,2286 1157,2286 1155,2286 1152,2286 1040,2293 1037,2293 1000,2311 996,2311 855,2300 853,2300 729,2323 697,2309 694,2309 692,2309 690,2309 644,2327 641,2327 593,2316 591,2316 589,2316 586,2316 552,2332 549,2332 543,2332 416,2320 414,2320 411,2320 354,2341 349,2341 345,2341 266,2327 264,2327 158,2348 161,2382"/>
        <Baseline points="161,2382 497,2375 1030,2341 1456,2327"/>
        <TextEquiv conf="0.963785784809213">
          <Unicode>ne lerintte norissnt en le ferest naie</Unicode>
        </TextEquiv>
      </TextLine>

      
      
      <TextLine id="eSc_line_60981949" custom="structure {type:default;}">
        <Coords points="738,2362 720,2362 660,2380 658,2380 655,2380 577,2371 554,2373 531,2375 520,2375 356,2389 354,2389 335,2380 324,2380 310,2380 301,2385 303,2435 303,2463 476,2458 478,2458 547,2431 582,2451 584,2451 586,2451 589,2454 635,2454 635,2451 637,2451 704,2426 745,2442 747,2442 750,2442 752,2442 805,2421 892,2431 895,2431 1028,2417 1074,2428 1076,2428 1079,2428 1081,2428 1083,2428 1083,2426 1086,2426 1097,2412 1152,2421 1155,2421 1157,2421 1159,2421 1159,2419 1171,2410 1221,2426 1224,2426 1226,2426 1313,2410 1364,2410 1385,2428 1387,2428 1389,2428 1392,2428 1583,2424 1585,2394 1578,2352 1511,2352 1493,2339 1493,2336 1491,2336 1488,2336 1486,2336 1484,2336 1447,2355 1445,2355 1325,2343 1323,2343 1219,2359 1166,2346 1164,2346 1161,2346 947,2352 945,2352 911,2371 759,2371 738,2359 738,2362"/>
        <Baseline points="303,2435 938,2398 1585,2394"/>
        <TextEquiv conf="0.9762509980717221">
          <Unicode>deux enfans hemry uous ferayt meusion</Unicode>
        </TextEquiv>
      </TextLine>

      
      
      <TextLine id="eSc_line_6407ed93" custom="structure {type:default;}">
        <Coords points="713,2412 690,2415 681,2415 582,2440 264,2447 184,2424 186,2484 186,2518 269,2500 310,2513 312,2513 315,2513 361,2513 605,2507 607,2507 609,2507 637,2490 685,2500 687,2500 690,2500 740,2484 814,2497 816,2497 819,2497 865,2472 959,2472 973,2484 973,2486 975,2486 977,2486 980,2486 982,2486 1042,2470 1155,2479 1157,2479 1159,2479 1214,2465 1256,2486 1263,2488 1265,2488 1267,2488 1350,2481 1350,2447 1346,2405 1090,2401 1088,2401 1086,2401 1065,2408 1033,2421 1021,2410 1017,2408 1017,2405 1014,2405 1012,2405 938,2403 936,2403 934,2403 913,2412 878,2424 842,2412 826,2408 823,2408 821,2408 819,2408 800,2412 750,2428 720,2415 715,2412 713,2412"/>
        <Baseline points="186,2484 547,2481 823,2458 1350,2447"/>
        <TextEquiv conf="0.9647145600695359">
          <Unicode>fue le rmite garda sy taslongue saison</Unicode>
        </TextEquiv>
      </TextLine>

      
      
      <TextLine id="eSc_line_861ddea0" custom="structure {type:default;}">
        <Coords points="1120,2454 1097,2454 1074,2454 1051,2454 1046,2454 1003,2465 980,2470 973,2465 961,2458 959,2458 957,2458 954,2458 855,2461 853,2461 851,2461 851,2463 839,2472 832,2477 805,2472 757,2465 754,2465 747,2465 734,2474 722,2484 662,2484 639,2479 625,2474 616,2477 593,2479 570,2481 547,2481 540,2481 533,2484 508,2490 156,2497 158,2536 161,2566 223,2550 250,2564 253,2564 255,2564 262,2564 312,2553 444,2557 457,2557 460,2557 467,2557 547,2539 600,2553 602,2553 605,2553 607,2553 625,2553 828,2530 878,2541 881,2541 883,2541 885,2541 929,2525 959,2536 961,2536 964,2536 966,2536 1007,2523 1063,2532 1065,2532 1067,2532 1125,2518 1249,2530 1251,2497 1244,2456 1159,2465 1150,2458 1141,2451 1120,2454"/>
        <Baseline points="158,2536 1251,2497"/>
        <TextEquiv conf="0.9711215153336525">
          <Unicode>or uous diras cõment ⁊ Il auoieñt anoi</Unicode>
        </TextEquiv>
      </TextLine>

      
      
      <TextLine id="eSc_line_94b7bc3c" custom="structure {type:default;}">
        <Coords points="913,2511 676,2534 641,2536 628,2536 538,2527 536,2527 315,2550 299,2550 292,2550 216,2541 213,2541 211,2541 161,2555 165,2594 165,2624 269,2626 271,2626 273,2626 301,2617 340,2603 404,2610 462,2617 464,2617 467,2617 469,2617 469,2615 478,2605 490,2594 563,2594 593,2599 646,2610 648,2610 651,2610 685,2594 701,2587 722,2592 770,2603 773,2603 775,2603 805,2587 809,2585 816,2587 844,2594 846,2594 849,2594 851,2594 899,2580 908,2580 915,2580 1021,2594 1023,2594 1026,2594 1079,2571 1081,2571 1166,2587 1168,2587 1171,2587 1173,2587 1173,2585 1175,2585 1184,2571 1184,2550 1180,2513 915,2511 913,2511"/>
        <Baseline points="165,2594 1184,2550"/>
        <TextEquiv conf="0.9933841479452032">
          <Unicode>Ie luy quiet le brac loiet a sen diron</Unicode>
        </TextEquiv>
      </TextLine>

      
      
      <TextLine id="eSc_line_2ad12472" custom="structure {type:default;}">
        <Coords points="128,2656 128,2674 803,2656 805,2656 855,2645 865,2642 878,2642 964,2649 966,2649 1033,2635 1040,2635 1046,2635 1122,2642 1125,2642 1279,2624 1281,2605 1279,2569 1182,2557 1180,2557 1178,2557 1175,2557 1175,2559 1161,2571 1159,2573 1150,2573 1079,2562 1076,2562 1074,2562 1033,2578 1021,2580 1003,2578 934,2569 931,2569 929,2569 927,2569 927,2571 924,2571 915,2580 913,2585 906,2582 874,2571 872,2571 869,2571 789,2576 786,2576 784,2576 773,2587 768,2592 126,2610 128,2656"/>
        <Baseline points="128,2656 1281,2605"/>
        <TextEquiv conf="0.9680231307682238">
          <Unicode>hieux auoit auon brach ⁊ ly aultrolion</Unicode>
        </TextEquiv>
      </TextLine>

      
      
      <TextLine id="eSc_line_0bc99575" custom="structure {type:default;}">
        <Coords points="722,2631 720,2631 717,2631 717,2633 715,2633 710,2640 704,2647 681,2640 658,2633 644,2635 641,2635 628,2640 602,2649 577,2642 563,2638 561,2638 559,2638 556,2638 543,2642 510,2651 287,2649 276,2651 253,2651 230,2654 207,2654 184,2654 161,2656 138,2656 135,2649 115,2649 117,2700 117,2734 329,2720 347,2730 349,2730 352,2730 354,2730 356,2730 356,2727 368,2718 559,2725 575,2725 577,2725 579,2725 582,2725 618,2704 676,2716 678,2716 681,2716 717,2702 853,2718 858,2718 860,2718 862,2718 947,2697 1097,2704 1099,2704 1102,2704 1104,2704 1120,2693 1242,2709 1244,2709 1247,2709 1295,2697 1440,2704 1442,2674 1440,2631 1325,2617 1323,2617 1212,2633 1203,2633 1191,2633 1076,2624 1074,2624 1072,2624 1069,2624 1069,2626 1060,2635 1058,2638 1053,2635 1026,2624 1023,2624 1021,2624 964,2635 943,2640 908,2638 821,2628 819,2628 816,2628 814,2628 814,2631 812,2631 805,2638 800,2645 770,2640 724,2631 722,2631"/>
        <Baseline points="117,2700 1069,2674 1442,2674"/>
        <TextEquiv conf="0.9533317893050438">
          <Unicode>our che qee que le lon fa troures en fachon</Unicode>
        </TextEquiv>
      </TextLine>

      
      
      <TextLine id="eSc_line_b58bb06d" custom="structure {type:default;}">
        <Coords points="1649,2688 1645,2686 1511,2672 1509,2672 1421,2691 1412,2693 1382,2693 1136,2681 1134,2681 1132,2681 1088,2693 1044,2684 1042,2684 1040,2684 998,2700 991,2702 957,2700 796,2691 793,2691 639,2707 570,2714 543,2709 487,2697 485,2697 483,2697 450,2711 434,2718 110,2718 112,2769 112,2799 312,2771 457,2792 467,2792 469,2792 471,2792 473,2792 473,2789 501,2764 623,2776 625,2776 713,2764 759,2778 761,2778 763,2778 918,2757 989,2776 991,2776 994,2776 996,2776 1046,2753 1115,2762 1118,2762 1208,2748 1263,2766 1265,2766 1267,2766 1270,2766 1325,2743 1442,2746 1474,2766 1477,2766 1479,2766 1481,2766 1663,2762 1663,2737 1658,2711 1649,2688"/>
        <Baseline points="112,2769 432,2748 1210,2730 1514,2727 1663,2737"/>
        <TextEquiv conf="0.9708862894773483">
          <Unicode>ras auoit grant facchon meruellr en seu ioudission</Unicode>
        </TextEquiv>
      </TextLine>

      
      
      <TextLine id="eSc_line_5d4e4d4b" custom="structure {type:default;}">
        <Coords points="115,2824 115,2847 264,2831 292,2845 294,2845 296,2845 299,2845 388,2829 407,2842 409,2842 411,2842 414,2842 520,2840 522,2840 524,2840 552,2822 648,2833 651,2833 766,2817 805,2826 807,2826 809,2826 812,2826 814,2826 828,2815 849,2826 851,2826 853,2826 855,2826 895,2812 1256,2819 1272,2819 1274,2819 1277,2819 1336,2801 1366,2817 1369,2817 1371,2817 1373,2817 1375,2817 1415,2799 1507,2812 1511,2780 1504,2743 632,2753 630,2753 628,2753 628,2755 625,2755 618,2764 308,2762 306,2762 112,2780 115,2824"/>
        <Baseline points="115,2824 446,2806 1511,2780"/>
        <TextEquiv conf="0.9934681570807169">
          <Unicode>ont chieys bras h uenoit mes lerunte de nou</Unicode>
        </TextEquiv>
      </TextLine>

      
      
      <TextLine id="eSc_line_e013a495" custom="structure {type:default;}">
        <Coords points="172,2879 172,2902 1074,2863 1074,2840 1067,2799 167,2835 172,2879"/>
        <Baseline points="172,2879 1074,2840"/>
        <TextEquiv conf="0.993267454884269">
          <Unicode>couga et Ichy Rrestoute lo coison</Unicode>
        </TextEquiv>
      </TextLine>

      
      
      <TextLine id="eSc_line_268a1c07" custom="structure {type:default;}">
        <Coords points="770,2854 768,2854 766,2854 752,2863 743,2868 704,2863 653,2858 651,2858 566,2868 453,2879 414,2870 398,2870 375,2872 352,2872 329,2872 322,2884 144,2879 147,2930 147,2957 365,2957 365,2955 368,2955 381,2948 414,2937 441,2948 450,2950 453,2950 455,2950 584,2948 586,2948 602,2944 651,2927 687,2939 690,2939 692,2939 775,2923 807,2937 812,2939 814,2939 816,2939 819,2939 821,2939 823,2937 844,2918 908,2918 982,2932 991,2932 994,2932 996,2932 998,2932 1030,2914 1316,2921 1318,2891 1313,2849 1231,2838 1228,2838 1226,2838 1224,2838 1205,2852 1201,2852 1150,2840 1148,2840 1028,2856 998,2858 977,2856 908,2849 906,2849 904,2849 901,2849 892,2858 885,2863 846,2861 773,2854 770,2854"/>
        <Baseline points="147,2930 901,2898 1318,2891"/>
        <TextEquiv conf="0.9846464191164289">
          <Unicode>õmeutlauoit Pardessons ung buisson</Unicode>
        </TextEquiv>
      </TextLine>

      
      
      <TextLine id="eSc_line_4ef354ce" custom="structure {type:default;}">
        <Coords points="140,2985 140,3003 340,3015 342,3015 345,3015 347,3015 347,3012 349,3012 358,3001 361,3001 421,3010 423,3010 425,3010 427,3010 439,2999 444,2996 469,2999 559,3010 561,3010 699,3006 701,3006 720,2996 731,2989 745,2994 775,3006 777,3006 780,3006 849,2994 899,2983 1035,2983 1044,2989 1051,2996 1051,2999 1053,2999 1056,2999 1058,2999 1122,2996 1125,2996 1127,2996 1127,2994 1134,2989 1141,2983 1175,2987 1217,2994 1219,2994 1316,2985 1316,2960 1311,2925 1198,2911 1196,2911 1194,2911 1152,2927 1150,2927 1099,2911 1097,2911 1095,2911 1092,2911 1049,2927 1030,2914 1028,2914 1026,2914 1023,2914 1021,2914 980,2930 924,2916 922,2916 920,2916 918,2916 846,2934 844,2934 839,2934 780,2918 777,2918 775,2918 678,2937 667,2939 651,2939 533,2927 531,2927 529,2927 526,2927 503,2941 501,2941 437,2930 434,2930 432,2930 430,2930 414,2944 411,2946 358,2946 347,2946 312,2930 310,2930 308,2930 306,2930 303,2930 303,2932 285,2946 195,2934 193,2934 190,2934 138,2948 140,2985"/>
        <Baseline points="140,2985 1316,2960"/>
        <TextEquiv conf="0.9651439373309796">
          <Unicode>u un leuxx enportoit Pur se destouctien</Unicode>
        </TextEquiv>
      </TextLine>

      
      
      <TextLine id="eSc_line_1ad58d99" custom="structure {type:default;}">
        <Coords points="453,2980 450,2980 432,2987 400,2999 283,2999 255,2989 236,2983 225,2985 202,2985 179,2985 177,2985 110,2989 112,3031 117,3091 133,3077 179,3081 181,3081 184,3081 186,3081 186,3079 204,3063 276,3088 283,3091 285,3091 287,3093 363,3093 363,3091 365,3091 368,3091 370,3088 409,3063 446,3079 448,3079 450,3079 453,3079 483,3063 517,3079 520,3079 522,3079 524,3079 575,3061 768,3063 793,3077 796,3077 798,3077 897,3058 952,3086 954,3086 957,3088 1125,3088 1125,3086 1127,3086 1129,3086 1168,3058 1214,3058 1270,3084 1274,3086 1277,3086 1279,3086 1359,3084 1362,3084 1408,3063 1451,3084 1456,3019 1447,2973 1424,2985 1329,2976 1306,2973 1304,2973 1302,2973 1295,2976 1242,2994 1166,2994 1145,2978 1145,2976 1143,2976 1141,2976 1138,2976 1125,2978 1074,2987 1012,2978 982,2976 980,2976 957,2980 892,2994 849,2980 844,2980 842,2980 839,2980 830,2980 780,2994 766,2983 763,2980 763,2978 761,2978 759,2978 757,2978 754,2978 740,2983 708,2994 628,2985 609,2983 607,2983 584,2985 501,2994 476,2985 457,2980 455,2980 453,2980"/>
        <Baseline points="112,3031 964,3031 1456,3019"/>
        <TextEquiv conf="0.9522860802355266">
          <Unicode>et deua chee adit uras uellyr fiere Raison</Unicode>
        </TextEquiv>
      </TextLine>

      
    </TextRegion>
    
    <TextRegion id="eSc_textblock_d106add4"  custom="structure {type:text;}">
      <Coords points="1417,570 1532,579 1541,669 1387,687 1417,570"/>
      
      
      <TextLine id="eSc_line_3363596f" custom="structure {type:default;}">
        <Coords points="1454,662 1454,715 1520,715 1520,662 1518,625 1454,632 1454,662"/>
        <Baseline points="1454,662 1520,662"/>
        <TextEquiv conf="0.7913120090961456">
          <Unicode>10</Unicode>
        </TextEquiv>
      </TextLine>

      
    </TextRegion>
    

    
  </Page>
</PcGts>
