<?xml version="1.0" encoding="UTF-8"  standalone="yes"?>
<PcGts xmlns="http://schema.primaresearch.org/PAGE/gts/pagecontent/2019-07-15" xmlns:xsi="http://www.w3.org/2001/XMLSchema-instance" xsi:schemaLocation="http://schema.primaresearch.org/PAGE/gts/pagecontent/2019-07-15 http://schema.primaresearch.org/PAGE/gts/pagecontent/2019-07-15/pagecontent.xsd">
  <Metadata>
	<Creator>escriptorium</Creator>
	<Created>2025-10-15T20:24:13.857174+00:00</Created>
        <LastChange>2025-10-15T20:24:13.857197+00:00</LastChange>

  </Metadata>
  <Page imageFilename="620416201_MS0742_0766_0095A.jpg" imageWidth="3104" imageHeight="4140">

    
    <TextRegion id="eSc_textblock_796a8982"  custom="structure {type:text;}">
      <Coords points="941,644 1532,726 1523,982 1587,1258 1541,1288 1541,1432 1449,1508 1431,1718 1461,1784 1532,1784 1560,1837 1495,2079 1504,2288 1449,2389 1488,2484 1688,2520 1661,2812 1488,2886 1458,2996 230,3024 156,3052 110,2960 101,690 941,644"/>
      
      
      <TextLine id="eSc_line_77c8b478" custom="structure {type:default;}">
        <Coords points="1323,696 1300,694 1277,692 1254,687 1231,685 1208,683 1187,678 1171,678 1166,676 1161,676 1138,671 1115,669 1111,667 1090,676 901,664 899,664 897,664 895,664 895,667 876,683 872,687 842,683 761,671 759,671 757,671 754,671 743,683 738,687 681,687 618,683 513,673 510,673 508,673 490,683 478,687 448,683 411,676 409,676 379,683 356,687 349,683 342,676 333,678 315,678 301,683 280,687 202,685 195,685 172,687 149,687 126,687 128,733 128,758 255,756 257,756 260,756 278,742 388,756 407,756 409,756 423,754 485,742 540,752 563,756 566,756 568,756 570,756 575,752 589,742 660,752 717,756 720,758 832,758 832,756 835,756 858,747 869,742 918,747 1014,754 1017,754 1019,754 1021,754 1035,745 1035,742 1037,745 1053,756 1056,756 1058,756 1060,756 1063,756 1065,756 1086,742 1088,740 1092,742 1109,754 1111,754 1113,754 1115,754 1118,754 1157,742 1164,740 1168,742 1198,754 1201,754 1203,754 1334,738 1336,724 1334,699 1323,696"/>
        <Baseline points="128,733 381,724 1336,724"/>
        <TextEquiv conf="0.9617245778059348">
          <Unicode>Dont ua du urat cope le gras destaquier</Unicode>
        </TextEquiv>
      </TextLine>

      
      
      <TextLine id="eSc_line_b34e1916" custom="structure {type:default;}">
        <Coords points="147,784 147,814 372,798 549,809 572,809 575,809 589,809 662,798 720,807 731,807 734,807 736,807 738,807 757,795 846,804 860,804 862,804 865,804 867,804 867,802 876,793 897,804 899,804 901,804 904,804 947,802 1138,791 1203,800 1235,802 1237,802 1509,793 1511,770 1507,738 1346,722 1343,722 1258,738 1180,729 1178,729 862,740 849,729 846,729 844,729 842,729 839,729 837,729 816,742 814,745 724,745 722,742 625,729 623,729 621,729 618,729 593,745 582,745 418,731 416,731 276,733 273,733 234,747 213,733 211,733 209,733 207,733 144,747 147,784"/>
        <Baseline points="147,784 1511,770"/>
        <TextEquiv conf="0.9792666454677996">
          <Unicode>les pos e uin enporte car forment lauoit chier</Unicode>
        </TextEquiv>
      </TextLine>

      
      
      <TextLine id="eSc_line_47ef4274" custom="structure {type:default;}">
        <Coords points="138,837 142,862 156,850 193,862 195,862 197,862 200,862 207,862 278,850 315,860 319,862 322,862 324,862 326,862 329,862 329,860 342,850 386,860 400,862 402,862 676,860 678,860 685,857 708,846 731,855 736,857 738,857 740,857 757,855 809,846 853,855 872,857 874,857 911,853 994,844 1023,853 1033,855 1035,855 1037,855 1270,848 1272,827 1265,784 135,791 138,837"/>
        <Baseline points="138,837 1272,827"/>
        <TextEquiv conf="0.9830164851680878">
          <Unicode>lame ua deuant et elle uaderier</Unicode>
        </TextEquiv>
      </TextLine>

      
      
      <TextLine id="eSc_line_3309c752" custom="structure {type:default;}">
        <Coords points="144,892 144,922 294,924 296,924 299,924 310,919 340,908 393,917 421,922 423,924 510,924 510,922 513,922 515,922 515,919 522,915 526,908 540,915 554,919 556,919 559,919 671,913 759,906 773,910 798,917 800,917 803,917 805,917 830,908 844,901 1115,899 1159,901 1309,913 1311,913 1313,913 1316,913 1316,910 1329,899 1364,910 1366,910 1369,910 1449,896 1479,910 1481,910 1484,910 1486,910 1488,910 1507,896 1507,876 1502,841 1134,832 1132,832 1129,832 1127,832 1111,844 1109,844 1104,844 941,834 938,834 936,834 908,846 899,846 768,837 766,837 763,837 727,848 722,848 715,848 635,839 632,839 142,853 144,892"/>
        <Baseline points="144,892 1507,876"/>
        <TextEquiv conf="0.9744578496269558">
          <Unicode>Nn cpot mist a se bouche tel ereten ua saquier</Unicode>
        </TextEquiv>
      </TextLine>

      
      
      <TextLine id="eSc_line_4897ba44" custom="structure {type:default;}">
        <Coords points="131,947 131,972 227,963 283,972 299,975 301,975 664,970 667,970 669,970 674,965 683,959 706,965 724,970 727,970 729,970 770,963 805,959 872,961 987,968 989,968 991,968 994,968 1003,959 1007,956 1058,959 1203,965 1205,965 1208,965 1210,965 1226,954 1228,954 1235,954 1283,965 1286,965 1468,949 1468,936 1461,896 1362,903 1336,896 1316,890 1313,890 1311,890 1309,890 1288,896 1267,903 1251,896 1237,890 1235,890 1233,890 1173,896 1092,906 1053,896 1033,892 1030,892 1028,892 1026,892 1007,896 975,906 950,896 934,892 931,892 929,892 878,896 791,908 734,899 710,894 708,894 706,894 694,899 658,910 434,901 432,901 430,901 391,913 128,901 131,947"/>
        <Baseline points="131,947 1468,936"/>
        <TextEquiv conf="0.9803862513565436">
          <Unicode>Que puuis de deumy lot en bat amen cindur</Unicode>
        </TextEquiv>
      </TextLine>

      
      
      <TextLine id="eSc_line_37d5cdad" custom="structure {type:default;}">
        <Coords points="186,1007 186,1037 444,1035 446,1035 457,1030 473,1021 492,1028 503,1032 506,1032 508,1032 674,1030 676,1030 678,1030 690,1021 706,1009 766,1018 773,1018 775,1018 782,1018 835,1007 964,1011 1028,1014 1030,1014 1109,1007 1164,1002 1173,1005 1217,1021 1219,1021 1221,1021 1224,1021 1226,1021 1256,1002 1258,1000 1352,998 1352,986 1348,952 1226,940 1224,940 1221,940 1219,940 1219,942 1217,942 1210,952 1203,952 1092,942 1090,942 989,954 954,956 918,954 830,947 828,947 752,956 697,961 184,961 186,1007"/>
        <Baseline points="186,1007 1352,986"/>
        <TextEquiv conf="0.9974782635004092">
          <Unicode>esy iusque alostel ne uaurent a targoer</Unicode>
        </TextEquiv>
      </TextLine>

      
      
      <TextLine id="eSc_line_a786f643" custom="structure {type:default;}">
        <Coords points="1306,988 1304,988 1302,988 1288,1000 1281,1005 1187,1007 1148,1002 1095,993 1092,993 1090,993 1060,1002 1040,1009 1019,1002 991,995 989,995 987,995 911,998 908,998 895,1005 876,1014 860,1005 849,1000 846,1000 844,1000 812,1007 761,1018 520,1021 499,1009 497,1009 494,1009 492,1009 476,1011 391,1023 379,1014 379,1011 377,1011 375,1011 372,1011 370,1011 368,1011 342,1025 276,1014 262,1011 260,1011 257,1011 255,1011 253,1014 234,1028 133,1016 135,1064 135,1081 303,1092 306,1092 308,1092 310,1092 326,1078 393,1087 395,1087 478,1074 483,1074 485,1074 499,1087 501,1087 503,1087 506,1087 669,1085 853,1067 855,1067 860,1067 977,1078 980,1078 1081,1062 1095,1058 1336,1055 1343,1055 1412,1069 1415,1069 1520,1051 1523,1035 1518,998 1309,988 1306,988"/>
        <Baseline points="135,1064 1523,1035"/>
        <TextEquiv conf="0.9964688496711926">
          <Unicode>Entre luy et le dame sastrentant nencer</Unicode>
        </TextEquiv>
      </TextLine>

      
      
      <TextLine id="eSc_line_3d006c21" custom="structure {type:default;}">
        <Coords points="1387,1039 1385,1039 1382,1039 1380,1039 1380,1041 1366,1055 1364,1058 1270,1058 1265,1058 1226,1044 1224,1044 1221,1044 1219,1044 1217,1044 1198,1058 1196,1060 1189,1058 1148,1046 1145,1046 1143,1046 1141,1046 1138,1046 1122,1060 1120,1062 1113,1060 1083,1048 1081,1048 1079,1048 1076,1048 1046,1060 1035,1067 911,1071 803,1071 784,1064 763,1058 761,1058 759,1058 717,1067 676,1076 639,1069 612,1062 609,1062 607,1062 593,1069 575,1078 147,1078 149,1127 149,1147 190,1166 193,1166 195,1166 197,1166 200,1166 227,1145 230,1145 234,1145 363,1161 365,1161 368,1161 370,1161 370,1159 388,1145 427,1152 430,1152 432,1152 434,1152 455,1138 457,1138 492,1138 513,1154 513,1156 515,1156 517,1156 520,1156 522,1156 570,1136 582,1147 584,1147 586,1147 589,1147 591,1147 621,1136 655,1150 658,1150 660,1150 662,1150 664,1150 681,1136 757,1150 759,1150 761,1150 763,1150 786,1133 897,1145 899,1145 901,1145 904,1145 927,1124 961,1143 964,1143 966,1143 968,1143 1042,1124 1143,1138 1145,1138 1148,1138 1150,1138 1173,1120 1219,1127 1221,1127 1311,1113 1412,1129 1415,1129 1417,1129 1419,1129 1419,1127 1433,1113 1530,1104 1530,1085 1523,1053 1428,1053 1389,1039 1387,1039"/>
        <Baseline points="149,1127 1530,1085"/>
        <TextEquiv conf="0.9831224779287974">
          <Unicode>ains quelle le leuassent se uault sy bien apsier</Unicode>
        </TextEquiv>
      </TextLine>

      
      
      <TextLine id="eSc_line_717bcdfe" custom="structure {type:default;}">
        <Coords points="140,1189 140,1219 312,1223 315,1223 317,1223 319,1223 333,1212 352,1198 375,1209 381,1212 384,1212 386,1212 388,1212 398,1209 432,1196 450,1207 464,1216 467,1216 469,1216 471,1216 621,1198 655,1196 662,1198 699,1212 701,1212 704,1212 706,1212 759,1193 784,1184 805,1191 839,1202 842,1202 844,1202 846,1202 885,1186 888,1186 906,1200 908,1200 911,1200 913,1200 994,1182 1003,1182 1014,1182 1095,1189 1097,1189 1175,1175 1203,1170 1212,1173 1244,1186 1247,1186 1249,1186 1251,1186 1288,1170 1288,1168 1412,1163 1412,1147 1408,1117 1339,1101 1336,1101 1265,1104 1263,1104 1260,1104 1237,1120 1221,1110 1219,1110 1217,1110 1003,1124 842,1133 828,1127 821,1124 819,1124 816,1124 740,1129 524,1143 501,1133 492,1129 490,1129 487,1129 457,1133 407,1143 381,1136 375,1133 372,1133 370,1133 368,1133 363,1136 338,1150 287,1136 283,1136 280,1136 278,1136 276,1136 273,1136 273,1138 257,1150 241,1138 239,1138 236,1138 234,1138 232,1138 190,1150 138,1140 140,1189"/>
        <Baseline points="140,1189 1412,1147"/>
        <TextEquiv conf="0.9904266541654413">
          <Unicode>lestesse de psloiaux qui le couuuit ionchrer</Unicode>
        </TextEquiv>
      </TextLine>

      
      
      <TextLine id="eSc_line_24afbc9e" custom="structure {type:default;}">
        <Coords points="407,1239 407,1258 1369,1230 1371,1230 1373,1230 1394,1216 1394,1202 1389,1166 1208,1159 1205,1159 1113,1175 1097,1177 1088,1175 1063,1168 1060,1168 1058,1168 1056,1168 1053,1168 1044,1177 1040,1179 973,1179 750,1179 747,1179 745,1179 743,1179 727,1189 720,1193 687,1191 616,1184 614,1184 612,1184 591,1193 584,1198 572,1196 549,1189 547,1189 545,1189 543,1189 522,1198 508,1202 499,1198 490,1191 487,1191 485,1191 483,1191 402,1200 407,1239"/>
        <Baseline points="407,1239 660,1237 1394,1202"/>
        <TextEquiv conf="0.9786198828369379">
          <Unicode>le belle elame atours cellechite</Unicode>
        </TextEquiv>
      </TextLine>

      
      
      <TextLine id="eSc_line_d9e8d080" custom="structure {type:default;}">
        <Coords points="1569,1196 1495,1182 1493,1182 1491,1182 1488,1182 1488,1184 1472,1202 1465,1202 1382,1212 1325,1209 1295,1207 1288,1209 1265,1209 1242,1212 1237,1212 1235,1214 1224,1221 1189,1216 1164,1214 1161,1214 1104,1221 982,1237 950,1228 938,1225 920,1225 897,1228 895,1228 853,1235 729,1253 674,1244 646,1237 644,1239 625,1239 609,1246 572,1260 538,1251 517,1244 515,1244 513,1244 462,1253 427,1260 404,1258 379,1253 377,1253 375,1253 372,1253 372,1255 368,1258 356,1271 331,1260 324,1258 322,1258 319,1258 184,1267 188,1308 188,1343 333,1324 349,1334 349,1336 352,1336 354,1336 356,1336 358,1336 361,1336 363,1334 375,1322 402,1331 414,1334 416,1334 418,1334 421,1334 423,1334 430,1329 448,1315 515,1313 531,1322 543,1327 545,1327 547,1327 630,1315 685,1306 713,1308 766,1313 768,1313 770,1313 773,1313 773,1311 782,1304 784,1301 789,1304 800,1311 803,1311 805,1311 807,1311 809,1311 837,1299 855,1292 876,1297 913,1304 915,1304 918,1304 950,1290 959,1288 964,1290 984,1297 987,1297 989,1297 991,1297 1026,1285 1028,1285 1040,1285 1198,1285 1201,1285 1203,1285 1205,1285 1205,1283 1217,1274 1350,1276 1352,1276 1580,1244 1580,1228 1578,1223 1569,1196"/>
        <Baseline points="188,1308 635,1294 1580,1228"/>
        <TextEquiv conf="0.9753782153129578">
          <Unicode>Martuss ses sieux ly afait moult grant carite</Unicode>
        </TextEquiv>
      </TextLine>

      
      
      <TextLine id="eSc_line_fb3fdb0f" custom="structure {type:default;}">
        <Coords points="147,1363 147,1398 246,1380 340,1386 342,1386 345,1386 347,1386 370,1373 561,1373 586,1373 589,1373 591,1373 595,1370 618,1359 655,1368 674,1370 676,1370 678,1370 681,1370 687,1366 701,1357 724,1363 736,1366 738,1366 740,1366 773,1359 816,1350 839,1354 867,1361 869,1361 872,1361 874,1361 911,1350 938,1343 975,1345 1040,1352 1042,1352 1044,1352 1046,1352 1060,1340 1067,1336 1102,1338 1208,1343 1210,1343 1449,1313 1449,1294 1445,1258 1401,1251 1398,1251 1327,1265 1302,1269 1297,1267 1288,1258 1286,1258 1283,1258 1281,1258 1279,1258 1277,1258 1263,1267 1258,1271 1240,1269 1203,1262 1201,1262 1198,1262 1166,1271 1143,1278 1129,1274 1113,1267 1111,1267 1109,1267 1106,1267 1079,1276 1056,1283 1019,1278 975,1274 973,1274 971,1274 947,1281 924,1292 561,1299 529,1301 522,1301 416,1317 312,1311 294,1311 292,1311 289,1311 285,1313 248,1327 142,1320 147,1363"/>
        <Baseline points="147,1363 743,1340 1449,1294"/>
        <TextEquiv conf="0.9780930807424146">
          <Unicode>as elle nescauoit mie quegtlle leuist porte</Unicode>
        </TextEquiv>
      </TextLine>

      
      
      <TextLine id="eSc_line_d63ea44c" custom="structure {type:default;}">
        <Coords points="915,1331 901,1331 639,1354 464,1352 455,1352 441,1352 400,1368 135,1368 138,1409 138,1432 1286,1380 1286,1354 1279,1313 1254,1324 1161,1320 1159,1320 977,1338 936,1329 915,1331"/>
        <Baseline points="138,1409 1286,1354"/>
        <TextEquiv conf="0.9887652654905577">
          <Unicode>Or diran de martin qui asy uien ouure</Unicode>
        </TextEquiv>
      </TextLine>

      
      
      <TextLine id="eSc_line_74d5934b" custom="structure {type:default;}">
        <Coords points="133,1462 133,1483 292,1476 303,1478 335,1488 338,1488 340,1488 342,1488 345,1488 358,1476 361,1474 368,1476 398,1485 400,1485 402,1485 404,1485 450,1474 460,1472 467,1472 506,1481 508,1481 510,1481 513,1481 524,1472 529,1467 579,1469 660,1472 662,1472 664,1472 678,1465 687,1460 747,1462 828,1467 830,1467 832,1467 860,1458 885,1451 906,1458 922,1462 924,1462 927,1462 929,1462 931,1462 938,1455 947,1449 1000,1453 1042,1458 1044,1458 1086,1451 1152,1439 1182,1449 1196,1451 1198,1451 1201,1451 1279,1444 1477,1426 1525,1435 1527,1403 1520,1359 1463,1373 1378,1366 1366,1366 1364,1366 1362,1366 1359,1366 1343,1380 1233,1373 1205,1373 1203,1373 1180,1377 1115,1389 1097,1380 1090,1377 1088,1377 1086,1377 1060,1382 1014,1393 945,1389 904,1386 901,1386 821,1396 736,1405 724,1400 708,1393 706,1393 704,1393 612,1407 586,1409 582,1407 568,1400 566,1400 563,1400 561,1400 559,1400 545,1409 538,1414 524,1412 494,1405 492,1405 409,1416 381,1421 372,1419 335,1409 333,1409 331,1409 204,1428 200,1428 197,1428 161,1419 158,1419 156,1419 154,1419 131,1428 133,1462"/>
        <Baseline points="133,1462 1527,1403"/>
        <TextEquiv conf="0.9913288354873657">
          <Unicode>Ruee le pain et le uin a tout pour dieudõne</Unicode>
        </TextEquiv>
      </TextLine>

      
      
      <TextLine id="eSc_line_98fd1801" custom="structure {type:default;}">
        <Coords points="128,1513 128,1534 202,1534 204,1534 232,1547 234,1547 236,1547 370,1527 400,1524 432,1524 547,1531 549,1531 738,1513 780,1511 789,1513 828,1522 830,1522 832,1522 924,1508 973,1515 975,1515 977,1515 980,1515 980,1513 991,1504 998,1499 1046,1501 1138,1508 1141,1508 1143,1508 1164,1497 1166,1497 1168,1497 1203,1506 1205,1506 1208,1506 1210,1506 1212,1506 1212,1504 1221,1494 1228,1490 1394,1490 1394,1465 1387,1419 1320,1432 1258,1423 1251,1423 1249,1423 1247,1423 1244,1423 1189,1444 924,1451 899,1439 897,1439 895,1439 892,1439 890,1439 874,1453 701,1451 699,1451 487,1472 126,1472 128,1513"/>
        <Baseline points="128,1513 526,1506 1394,1465"/>
        <TextEquiv conf="0.9970033284690645">
          <Unicode>Onques ny demora trst ne edqon larde</Unicode>
        </TextEquiv>
      </TextLine>

      
      
      <TextLine id="eSc_line_7a7e51da" custom="structure {type:default;}">
        <Coords points="174,1623 174,1655 246,1655 246,1653 248,1653 250,1653 250,1651 262,1642 278,1651 280,1651 283,1651 285,1651 299,1649 363,1639 450,1644 499,1646 501,1646 503,1646 506,1646 513,1642 529,1630 545,1639 549,1644 552,1644 554,1644 556,1644 559,1644 561,1644 561,1642 563,1639 572,1630 706,1626 782,1632 849,1637 851,1637 853,1637 876,1628 895,1621 982,1623 1115,1630 1118,1630 1120,1630 1161,1619 1175,1614 1208,1616 1325,1626 1327,1626 1417,1607 1417,1591 1412,1557 1329,1543 1327,1543 1237,1559 1233,1559 1231,1559 1150,1547 1148,1547 1145,1547 1092,1561 1063,1550 1060,1550 1058,1550 968,1552 966,1552 964,1552 945,1566 943,1566 927,1566 796,1557 793,1557 791,1557 766,1568 761,1570 715,1570 531,1563 529,1563 526,1563 524,1563 524,1566 522,1566 515,1573 513,1577 499,1575 457,1566 455,1566 453,1566 450,1566 439,1575 434,1580 414,1575 375,1568 372,1568 370,1568 368,1568 354,1577 342,1582 172,1582 174,1623"/>
        <Baseline points="174,1623 1417,1591"/>
        <TextEquiv conf="0.9866167366504669">
          <Unicode>tui la messe ot cantee ou non de dame de</Unicode>
        </TextEquiv>
      </TextLine>

      
      
      <TextLine id="eSc_line_21e96bf9" custom="structure {type:default;}">
        <Coords points="177,1683 177,1711 1155,1674 1155,1655 1150,1616 745,1616 743,1616 701,1623 641,1635 602,1626 584,1621 582,1621 579,1621 552,1626 494,1639 393,1630 368,1628 365,1628 345,1630 250,1646 174,1635 177,1683"/>
        <Baseline points="177,1683 1155,1655"/>
        <TextEquiv conf="0.9788091851003242">
          <Unicode>us escuiers ly a en lorille conte</Unicode>
        </TextEquiv>
      </TextLine>

      
      
      <TextLine id="eSc_line_2861d6d5" custom="structure {type:default;}">
        <Coords points="149,1747 149,1761 289,1773 292,1773 294,1773 296,1773 296,1770 308,1761 326,1773 329,1773 331,1773 333,1773 335,1773 393,1757 395,1757 400,1757 515,1768 517,1768 520,1768 570,1754 628,1764 630,1764 632,1764 635,1764 655,1750 658,1747 819,1745 821,1745 855,1759 858,1759 860,1759 968,1743 971,1743 1072,1754 1074,1754 1263,1734 1265,1720 1263,1683 1214,1667 1212,1667 1210,1667 1208,1667 1161,1683 1161,1685 1076,1685 1063,1674 1063,1672 1060,1672 1058,1672 1056,1672 1053,1672 1007,1685 987,1672 984,1672 982,1672 980,1672 899,1688 885,1690 842,1690 623,1681 621,1681 618,1681 616,1681 616,1683 614,1683 607,1692 602,1697 586,1692 536,1683 533,1683 462,1695 421,1701 147,1701 149,1747"/>
        <Baseline points="149,1747 1265,1720"/>
        <TextEquiv conf="0.9735477223540797">
          <Unicode>ire par Iquirist martura malouure</Unicode>
        </TextEquiv>
      </TextLine>

      
      
      <TextLine id="eSc_line_7b1651a1" custom="structure {type:default;}">
        <Coords points="154,1805 154,1821 333,1835 335,1835 515,1816 570,1830 572,1830 575,1830 577,1830 579,1830 605,1814 740,1826 743,1826 745,1826 803,1810 890,1823 892,1823 895,1823 924,1807 1069,1819 1072,1819 1074,1819 1076,1819 1095,1807 1198,1814 1201,1814 1203,1814 1205,1814 1205,1812 1208,1812 1217,1800 1265,1800 1283,1814 1286,1814 1288,1814 1290,1814 1421,1793 1421,1777 1417,1741 1251,1729 1249,1729 1191,1743 1182,1743 1155,1743 998,1734 996,1734 994,1734 968,1745 959,1747 768,1747 533,1745 531,1745 501,1750 446,1759 416,1750 407,1747 404,1747 402,1747 365,1752 253,1764 151,1754 154,1805"/>
        <Baseline points="154,1805 1421,1777"/>
        <TextEquiv conf="0.9721196876631842">
          <Unicode>Far scachies quil a tout pour Ihũcrist dẽne</Unicode>
        </TextEquiv>
      </TextLine>

      
      
      <TextLine id="eSc_line_72ca7f5a" custom="structure {type:default;}">
        <Coords points="1541,1810 1537,1803 1401,1803 1387,1789 1385,1789 1382,1789 1380,1789 1378,1789 1339,1805 1329,1807 1311,1805 1233,1793 1166,1793 1164,1793 1161,1793 1159,1793 1145,1805 1134,1796 1132,1796 1129,1796 1127,1796 1074,1807 1065,1807 1056,1807 1003,1796 1000,1796 998,1796 996,1796 996,1798 987,1807 982,1810 922,1807 793,1800 791,1800 789,1800 786,1800 780,1807 770,1814 694,1807 648,1805 646,1805 644,1805 641,1805 639,1807 621,1821 483,1812 480,1812 478,1812 476,1812 476,1814 464,1823 437,1814 434,1814 432,1814 257,1828 138,1812 140,1865 140,1881 375,1897 377,1897 379,1897 425,1879 547,1876 577,1888 579,1888 582,1888 584,1888 586,1888 602,1876 616,1888 618,1888 621,1888 623,1888 625,1888 658,1872 664,1872 842,1888 844,1888 846,1888 890,1867 892,1867 895,1867 977,1885 980,1885 1040,1883 1042,1883 1044,1883 1044,1881 1065,1865 1217,1881 1219,1881 1221,1881 1258,1862 1272,1876 1274,1876 1277,1876 1279,1876 1281,1876 1283,1876 1297,1865 1364,1879 1366,1879 1369,1879 1408,1860 1486,1876 1488,1876 1491,1876 1546,1853 1546,1844 1543,1816 1541,1810"/>
        <Baseline points="140,1865 1086,1842 1546,1844"/>
        <TextEquiv conf="0.9903880154544656">
          <Unicode>Ruanque on auoit cherus pour sistuer apreste</Unicode>
        </TextEquiv>
      </TextLine>

      
      
      <TextLine id="eSc_line_0cb74b43" custom="structure {type:default;}">
        <Coords points="241,1929 243,1961 303,1945 358,1959 365,1959 368,1959 386,1957 499,1941 552,1952 568,1954 570,1954 625,1950 729,1938 740,1945 750,1952 752,1952 754,1952 757,1952 759,1952 773,1945 789,1936 823,1943 862,1950 865,1950 1010,1936 1069,1931 1090,1934 1136,1941 1138,1941 1141,1941 1143,1941 1157,1931 1164,1927 1300,1927 1302,1927 1336,1941 1339,1941 1341,1941 1343,1941 1408,1922 1408,1908 1401,1872 1302,1872 1300,1872 1281,1858 1279,1858 1277,1858 1274,1858 1201,1872 1191,1874 1184,1872 1148,1862 1145,1862 1143,1862 1141,1862 1138,1862 1122,1874 1115,1876 1053,1874 943,1869 941,1869 888,1876 844,1881 828,1876 803,1867 800,1867 798,1867 720,1876 706,1879 692,1879 632,1869 630,1869 628,1869 625,1869 625,1872 623,1872 618,1879 616,1881 593,1879 533,1872 531,1872 529,1872 510,1879 492,1888 446,1881 407,1874 404,1874 402,1874 386,1881 361,1890 239,1883 241,1929"/>
        <Baseline points="241,1929 1408,1908"/>
        <TextEquiv conf="0.995012546579043">
          <Unicode>trestont seul capon ny apoint demore</Unicode>
        </TextEquiv>
      </TextLine>

      
      
      <TextLine id="eSc_line_66ea0c89" custom="structure {type:default;}">
        <Coords points="165,1991 170,2021 184,2010 204,2019 216,2023 218,2023 220,2023 308,2021 310,2021 312,2021 319,2014 331,2007 347,2014 358,2019 361,2019 363,2019 365,2019 391,2012 425,2003 450,2010 473,2017 476,2017 478,2017 556,2005 635,1996 669,2003 713,2010 715,2010 717,2010 761,1998 793,1991 819,1996 858,2005 860,2005 938,1991 961,1989 975,1991 1026,2000 1028,2000 1092,1987 1115,1982 1143,1984 1228,1994 1231,1994 1334,1977 1352,1975 1362,1977 1419,1989 1421,1989 1497,1971 1500,1952 1493,1911 1081,1931 1012,1922 1010,1922 1007,1922 1005,1922 991,1934 957,1925 954,1925 952,1925 950,1925 947,1925 947,1927 936,1936 888,1927 885,1927 883,1927 846,1938 809,1927 807,1927 805,1927 803,1927 770,1938 655,1929 632,1929 630,1929 618,1931 549,1948 416,1941 414,1941 411,1941 379,1952 163,1943 165,1991"/>
        <Baseline points="165,1991 1500,1952"/>
        <TextEquiv conf="0.9582539317084522">
          <Unicode>ue scares que quengier pirsieu de mageste</Unicode>
        </TextEquiv>
      </TextLine>

      
      
      <TextLine id="eSc_line_1613b9f3" custom="structure {type:default;}">
        <Coords points="138,2042 138,2067 418,2081 421,2081 480,2079 483,2079 485,2079 506,2063 533,2076 536,2076 538,2076 540,2076 543,2076 566,2058 566,2056 708,2053 710,2053 738,2072 740,2072 743,2072 745,2072 837,2058 892,2070 895,2070 991,2063 994,2063 996,2063 1014,2046 1081,2065 1083,2065 1086,2065 1088,2065 1134,2044 1175,2063 1178,2063 1180,2063 1309,2040 1385,2056 1387,2056 1389,2056 1392,2056 1421,2037 1421,2019 1419,1987 1357,1966 1355,1966 1352,1966 1350,1966 1297,1982 1263,1968 1260,1968 1258,1968 1256,1968 1194,1987 1150,1989 971,1996 929,1989 908,1987 906,1987 849,1989 694,2000 644,1991 605,1984 602,1984 506,1991 503,1991 501,1991 501,1994 499,1994 487,2010 402,2010 377,1994 375,1994 372,1994 370,1994 368,1994 278,2012 135,1996 138,2042"/>
        <Baseline points="138,2042 386,2046 1421,2019"/>
        <TextEquiv conf="0.9886209766070048">
          <Unicode>Ire ⁊ restout ly baron qui sont chyy assamble</Unicode>
        </TextEquiv>
      </TextLine>

      
      
      <TextLine id="eSc_line_14062edc" custom="structure {type:default;}">
        <Coords points="172,2111 172,2132 450,2134 453,2134 455,2134 457,2134 467,2125 473,2120 490,2125 517,2129 520,2129 600,2120 658,2116 713,2118 837,2125 839,2125 842,2125 844,2125 844,2122 846,2122 853,2113 853,2111 943,2109 966,2111 1037,2120 1040,2120 1042,2120 1067,2109 1072,2106 1079,2109 1113,2118 1115,2118 1118,2118 1327,2113 1428,2097 1428,2081 1421,2051 1290,2051 1260,2037 1258,2037 1256,2037 1254,2037 1251,2037 1231,2051 1228,2053 1217,2051 1157,2042 1155,2042 961,2056 844,2063 819,2056 786,2049 784,2049 782,2049 780,2049 759,2058 745,2063 706,2058 653,2051 651,2051 648,2051 630,2058 614,2065 545,2060 487,2056 485,2056 483,2056 467,2060 430,2072 269,2065 266,2065 264,2065 262,2065 262,2067 250,2076 170,2065 172,2111"/>
        <Baseline points="172,2111 1428,2081"/>
        <TextEquiv conf="0.9881980612874031">
          <Unicode>et quant barcheuesque a tout che escoute</Unicode>
        </TextEquiv>
      </TextLine>

      
      
      <TextLine id="eSc_line_de9dd0dc" custom="structure {type:default;}">
        <Coords points="154,2175 154,2191 218,2203 220,2203 276,2191 285,2189 292,2189 326,2201 329,2201 331,2201 517,2187 582,2182 589,2185 598,2194 600,2194 602,2194 605,2194 710,2185 803,2175 890,2180 952,2185 954,2185 957,2185 959,2185 966,2180 982,2171 1030,2178 1056,2182 1058,2182 1060,2182 1063,2182 1063,2180 1065,2180 1065,2178 1074,2168 1194,2175 1198,2175 1201,2175 1203,2175 1237,2164 1263,2175 1265,2175 1267,2175 1270,2175 1458,2171 1458,2148 1456,2106 1205,2102 1203,2102 1152,2111 1141,2113 1138,2111 1118,2102 1115,2102 1113,2102 957,2116 924,2118 918,2116 878,2104 876,2104 874,2104 872,2104 842,2118 798,2106 796,2106 793,2106 791,2106 789,2106 789,2109 777,2118 628,2111 625,2111 623,2111 595,2122 586,2127 568,2125 513,2113 510,2113 441,2125 427,2116 425,2116 423,2116 421,2116 418,2116 416,2116 400,2127 391,2134 151,2134 154,2175"/>
        <Baseline points="154,2175 1030,2148 1458,2148"/>
        <TextEquiv conf="0.9901399706539354">
          <Unicode>Martin le siru flleul adeuant luy mand</Unicode>
        </TextEquiv>
      </TextLine>

      
      
      <TextLine id="eSc_line_ed4d7b1c" custom="structure {type:default;}">
        <Coords points="384,2228 384,2254 1355,2221 1355,2201 1350,2166 1194,2152 1191,2152 1109,2171 1079,2159 1076,2159 1074,2159 846,2178 842,2178 839,2178 789,2164 786,2164 784,2164 632,2185 618,2185 607,2185 462,2173 460,2173 381,2189 384,2228"/>
        <Baseline points="384,2228 1355,2201"/>
        <TextEquiv conf="0.9805397654280943">
          <Unicode>rest uenus qui ny a areste felleus</Unicode>
        </TextEquiv>
      </TextLine>

      
      
      <TextLine id="eSc_line_17357c11" custom="structure {type:default;}">
        <Coords points="174,2293 177,2325 220,2313 278,2323 285,2323 287,2323 289,2323 292,2323 312,2309 347,2320 349,2320 352,2320 354,2320 386,2318 609,2304 628,2311 632,2313 635,2313 637,2313 639,2313 641,2313 644,2311 655,2302 706,2309 743,2313 745,2313 747,2313 750,2313 750,2311 754,2306 763,2300 803,2306 837,2311 839,2311 842,2311 844,2311 853,2304 862,2297 899,2302 927,2306 929,2306 931,2306 950,2302 975,2295 1118,2295 1428,2300 1431,2300 1433,2300 1491,2283 1491,2267 1484,2231 1366,2231 1320,2217 1318,2217 1316,2217 1208,2235 1196,2237 1120,2237 1120,2235 1104,2221 1102,2221 1099,2221 1097,2221 1003,2233 904,2226 901,2226 899,2226 860,2240 798,2228 796,2228 793,2228 745,2242 734,2244 706,2242 577,2233 575,2233 572,2233 547,2247 545,2247 533,2247 444,2235 441,2235 439,2235 407,2249 398,2254 172,2254 174,2293"/>
        <Baseline points="174,2293 885,2272 1491,2267"/>
        <TextEquiv conf="0.9700681824575771">
          <Unicode>filleur dist larcheuesque mal auest la boure</Unicode>
        </TextEquiv>
      </TextLine>

      
      
      <TextLine id="eSc_line_840721ef" custom="structure {type:default;}">
        <Coords points="156,2350 158,2373 181,2362 276,2371 329,2375 331,2375 476,2373 478,2373 492,2366 513,2357 570,2366 614,2371 616,2371 674,2364 736,2355 927,2357 1224,2364 1226,2364 1392,2348 1394,2336 1392,2293 1355,2283 1352,2283 1350,2283 1288,2295 1272,2297 1263,2295 1226,2281 1224,2281 1221,2281 1219,2281 1182,2293 971,2286 968,2286 966,2286 941,2297 918,2286 915,2286 913,2286 911,2286 869,2297 844,2304 823,2297 786,2288 784,2288 782,2288 628,2300 506,2309 460,2302 437,2297 434,2297 400,2302 326,2311 154,2304 156,2350"/>
        <Baseline points="156,2350 855,2334 1394,2336"/>
        <TextEquiv conf="0.9943793243483493">
          <Unicode>lauoie chy etdroit maint baronassamble</Unicode>
        </TextEquiv>
      </TextLine>

      
      
      <TextLine id="eSc_line_d0982333" custom="structure {type:default;}">
        <Coords points="151,2405 151,2421 430,2433 432,2433 554,2419 566,2428 566,2431 568,2431 570,2431 572,2431 671,2415 708,2428 710,2428 713,2428 715,2428 777,2412 780,2410 959,2410 991,2424 994,2424 996,2424 998,2424 1053,2408 1056,2408 1063,2408 1233,2419 1235,2419 1300,2408 1375,2417 1378,2417 1380,2417 1419,2401 1419,2385 1415,2350 727,2348 724,2348 722,2348 720,2348 715,2352 704,2362 618,2352 600,2352 598,2352 595,2352 589,2352 547,2364 492,2355 478,2352 476,2352 473,2352 467,2355 423,2366 354,2355 347,2355 345,2355 342,2355 340,2355 283,2369 149,2357 151,2405"/>
        <Baseline points="151,2405 1419,2385"/>
        <TextEquiv conf="0.9893177434017784">
          <Unicode>Qui pour lamour de moy estoient demore</Unicode>
        </TextEquiv>
      </TextLine>

      
      
      <TextLine id="eSc_line_200058f6" custom="structure {type:default;}">
        <Coords points="1109,2392 1086,2392 1023,2403 1012,2405 991,2405 876,2396 874,2396 757,2410 708,2415 632,2412 503,2408 501,2408 499,2408 497,2408 490,2415 480,2424 142,2424 144,2467 144,2484 292,2493 294,2493 400,2479 402,2479 407,2479 554,2484 556,2484 559,2484 598,2472 614,2470 669,2472 796,2477 798,2477 892,2474 895,2474 897,2474 908,2465 915,2461 924,2465 941,2472 943,2472 945,2472 947,2472 966,2463 977,2458 1235,2458 1235,2440 1233,2401 1127,2392 1109,2392"/>
        <Baseline points="144,2467 947,2440 1235,2440"/>
        <TextEquiv conf="0.987526227127422">
          <Unicode>Or seront pourement quy et cõrae</Unicode>
        </TextEquiv>
      </TextLine>

      
      
      <TextLine id="eSc_line_75be097b" custom="structure {type:default;}">
        <Coords points="1152,2442 1150,2442 1143,2451 1065,2442 1063,2442 1060,2442 1017,2456 1012,2456 1010,2456 984,2444 982,2444 980,2444 977,2444 975,2444 957,2456 950,2461 938,2456 913,2447 911,2447 908,2447 805,2458 736,2465 701,2458 667,2454 664,2454 662,2454 641,2461 607,2470 163,2467 165,2523 165,2541 503,2543 506,2543 593,2527 616,2525 632,2527 694,2539 697,2539 699,2539 743,2523 754,2520 777,2523 878,2534 881,2534 883,2534 915,2518 922,2513 1060,2511 1074,2513 1145,2527 1148,2527 1251,2507 1260,2507 1267,2507 1357,2520 1359,2520 1362,2520 1403,2502 1403,2490 1396,2451 1265,2451 1263,2451 1244,2440 1242,2440 1240,2440 1237,2440 1235,2440 1198,2451 1168,2442 1152,2442"/>
        <Baseline points="165,2523 469,2518 906,2493 1403,2490"/>
        <TextEquiv conf="0.9744540804471725">
          <Unicode>he uest mie uienfait par me uestienuete</Unicode>
        </TextEquiv>
      </TextLine>

      
      
      <TextLine id="eSc_line_cf8c96a5" custom="structure {type:default;}">
        <Coords points="1670,2516 1599,2516 1596,2516 1576,2497 1555,2497 1548,2495 1523,2507 1509,2493 1507,2493 1504,2493 1502,2493 1500,2493 1497,2493 1474,2509 1410,2495 1408,2495 1329,2511 1297,2497 1295,2497 1205,2497 1203,2497 1201,2497 1150,2520 1148,2523 1145,2520 1111,2500 1109,2500 1106,2500 1058,2500 1056,2500 830,2523 791,2504 789,2504 786,2504 784,2504 704,2527 690,2532 658,2532 653,2527 635,2511 635,2509 621,2509 579,2527 568,2532 536,2530 480,2523 478,2523 476,2523 473,2523 473,2525 471,2525 469,2530 464,2536 361,2536 354,2532 340,2520 338,2520 335,2520 326,2520 312,2532 303,2536 174,2534 177,2580 177,2605 301,2605 301,2603 303,2603 306,2603 308,2601 324,2589 340,2599 345,2601 347,2601 349,2601 600,2599 602,2599 623,2592 641,2585 664,2589 694,2596 697,2596 738,2587 793,2576 826,2585 853,2594 855,2594 858,2594 860,2594 888,2582 913,2573 1046,2573 1065,2578 1095,2587 1097,2587 1099,2587 1102,2587 1104,2587 1104,2585 1115,2576 1122,2569 1205,2569 1228,2573 1295,2587 1297,2587 1300,2587 1357,2569 1369,2566 1426,2566 1433,2566 1465,2585 1468,2585 1470,2585 1472,2585 1534,2569 1633,2582 1635,2582 1638,2582 1679,2559 1679,2548 1675,2516 1670,2516"/>
        <Baseline points="177,2580 547,2573 957,2548 1679,2548"/>
        <TextEquiv conf="0.9808472235997517">
          <Unicode>tur uous ddnes as pourel sy tresgrande plente</Unicode>
        </TextEquiv>
      </TextLine>

      
      
      <TextLine id="eSc_line_a80ca7f7" custom="structure {type:default;}">
        <Coords points="174,2645 174,2661 1415,2622 1415,2612 1412,2566 890,2566 888,2566 885,2566 883,2566 883,2569 874,2576 867,2582 814,2578 743,2571 740,2571 738,2571 736,2571 736,2573 734,2573 729,2580 722,2587 648,2580 605,2578 602,2578 600,2578 598,2578 593,2582 582,2592 563,2582 556,2580 554,2580 552,2580 549,2580 538,2582 497,2594 427,2585 398,2582 395,2582 393,2582 384,2587 358,2599 319,2589 317,2589 315,2589 312,2589 269,2601 172,2592 174,2645"/>
        <Baseline points="174,2645 998,2610 1415,2612"/>
        <TextEquiv conf="0.964707925512984">
          <Unicode>dn ⁊ ne ueur dait douerne puer neeste</Unicode>
        </TextEquiv>
      </TextLine>

      
      
      <TextLine id="eSc_line_34ce3537" custom="structure {type:default;}">
        <Coords points="186,2734 365,2716 381,2730 384,2730 386,2730 388,2730 490,2727 492,2727 497,2727 549,2709 582,2723 584,2723 586,2723 591,2723 674,2707 706,2718 708,2718 710,2718 713,2718 715,2718 736,2704 800,2711 803,2711 805,2711 858,2697 908,2711 911,2711 913,2711 915,2711 918,2711 920,2711 977,2693 1012,2707 1014,2707 1017,2707 1019,2707 1021,2707 1049,2691 1454,2691 1456,2663 1449,2624 1150,2631 1148,2631 1109,2617 1106,2617 1104,2617 1102,2617 1076,2628 1014,2622 1012,2622 1010,2622 982,2635 971,2640 957,2635 922,2624 920,2624 918,2624 915,2624 890,2638 888,2640 885,2638 878,2631 878,2628 876,2628 874,2628 872,2628 869,2628 867,2628 858,2638 853,2640 844,2638 793,2628 791,2628 731,2642 713,2645 690,2642 630,2635 628,2635 625,2635 607,2645 589,2654 559,2647 545,2642 543,2642 540,2642 538,2642 536,2642 531,2647 522,2656 506,2647 501,2645 499,2645 497,2645 473,2647 407,2661 395,2649 393,2649 393,2647 391,2647 388,2647 386,2647 347,2651 220,2668 184,2656 186,2711 186,2734"/>
        <Baseline points="186,2711 812,2677 1456,2663"/>
        <TextEquiv conf="0.9943976894021034">
          <Unicode>ors che que a le table est Relies demore</Unicode>
        </TextEquiv>
      </TextLine>

      
      
      <TextLine id="eSc_line_d28912f8" custom="structure {type:default;}">
        <Coords points="193,2778 193,2801 310,2789 340,2801 342,2801 345,2801 347,2801 536,2796 538,2796 540,2796 577,2776 600,2785 602,2785 605,2785 662,2773 809,2773 842,2789 844,2789 846,2789 849,2789 851,2789 853,2789 883,2773 938,2783 941,2783 943,2783 971,2769 1090,2773 1092,2773 1095,2773 1132,2762 1189,2780 1191,2780 1194,2780 1196,2780 1251,2760 1371,2771 1373,2771 1375,2771 1412,2755 1658,2769 1661,2734 1656,2695 1525,2686 1523,2686 1398,2700 1382,2700 1375,2700 1318,2688 1316,2688 1237,2702 1219,2704 1201,2702 1129,2693 1127,2693 1125,2693 1122,2693 1122,2695 1111,2704 1109,2709 968,2709 966,2707 957,2700 957,2697 954,2697 952,2697 950,2697 947,2697 945,2697 931,2707 924,2711 901,2709 849,2700 846,2700 609,2707 607,2707 584,2714 563,2720 531,2716 494,2709 492,2709 490,2709 464,2716 439,2723 190,2723 193,2778"/>
        <Baseline points="193,2778 738,2746 1661,2734"/>
        <TextEquiv conf="0.9576734105745951">
          <Unicode>ires che dist martint̾ dieux ne uous scet milgre</Unicode>
        </TextEquiv>
      </TextLine>

      
      
      <TextLine id="eSc_line_c965f252" custom="structure {type:default;}">
        <Coords points="213,2838 213,2863 699,2838 782,2847 798,2849 800,2849 814,2847 881,2831 980,2842 996,2842 998,2842 1000,2842 1005,2840 1037,2824 1127,2822 1150,2835 1152,2835 1155,2835 1157,2835 1159,2835 1201,2819 1265,2831 1267,2831 1421,2824 1424,2824 1426,2824 1440,2812 1470,2824 1472,2824 1474,2824 1626,2819 1626,2792 1622,2750 1525,2739 1523,2739 1520,2739 1518,2739 1518,2741 1504,2753 1504,2755 1449,2757 1318,2760 1309,2757 1279,2748 1277,2748 1274,2748 1148,2753 1145,2753 1143,2753 1129,2762 1122,2766 1104,2762 1063,2755 1060,2755 1058,2755 1019,2764 991,2771 966,2766 931,2760 929,2760 883,2769 846,2776 837,2769 830,2764 828,2764 826,2764 823,2764 821,2764 819,2764 819,2766 814,2771 807,2776 621,2776 506,2776 503,2776 501,2776 494,2778 469,2789 432,2780 423,2778 421,2778 418,2778 400,2780 340,2794 211,2787 213,2838"/>
        <Baseline points="213,2838 1083,2801 1626,2792"/>
        <TextEquiv conf="0.9765976283285352">
          <Unicode>uant uous dõnes pour lun le Relief tout orde</Unicode>
        </TextEquiv>
      </TextLine>

      
      
      <TextLine id="eSc_line_8c147d0f" custom="structure {type:default;}">
        <Coords points="287,2888 287,2911 855,2902 913,2891 924,2888 931,2888 975,2898 977,2898 980,2898 982,2898 982,2895 991,2886 994,2886 1014,2886 1132,2891 1134,2891 1136,2891 1138,2891 1138,2888 1148,2881 1150,2879 1157,2881 1201,2891 1203,2891 1283,2877 1295,2875 1304,2875 1355,2886 1357,2886 1428,2870 1428,2852 1421,2808 285,2842 287,2888"/>
        <Baseline points="287,2888 1428,2852"/>
        <TextEquiv conf="0.9662271528630644">
          <Unicode>be pani dehequiet de tailliet et cope</Unicode>
        </TextEquiv>
      </TextLine>

      
      
      <TextLine id="eSc_line_410506a5" custom="structure {type:default;}">
        <Coords points="269,2941 269,2960 1339,2941 1431,2925 1431,2911 1426,2877 980,2875 977,2875 899,2888 885,2891 876,2891 805,2879 803,2879 800,2879 798,2879 780,2893 777,2893 770,2893 717,2884 715,2884 713,2884 683,2895 681,2895 669,2884 667,2884 664,2884 662,2884 660,2884 623,2895 616,2898 612,2898 575,2886 572,2886 570,2886 568,2886 533,2898 529,2900 524,2900 487,2888 485,2888 483,2888 266,2904 269,2941"/>
        <Baseline points="269,2941 1431,2911"/>
        <TextEquiv conf="0.9689333580042186">
          <Unicode>les os dele char dont y uous est estes</Unicode>
        </TextEquiv>
      </TextLine>

      
      
      <TextLine id="eSc_line_6dcd21c1" custom="structure {type:default;}">
        <Coords points="133,2994 133,3042 243,3040 246,3040 324,3012 407,3024 409,3024 471,3010 499,3029 501,3029 503,3029 506,3029 566,3015 582,3029 584,3029 584,3031 586,3031 589,3031 591,3031 593,3031 595,3031 600,3029 637,3006 699,3003 826,3019 885,3026 888,3026 938,3015 1019,2996 1076,3010 1120,3019 1122,3019 1214,3017 1217,3017 1219,3017 1235,3003 1247,2996 1456,2996 1456,2962 1449,2927 131,2955 133,2994"/>
        <Baseline points="133,2994 1456,2962"/>
        <TextEquiv conf="0.9760888743968237">
          <Unicode>Qui dirs uous que iliuẽ ly arus de tremte</Unicode>
        </TextEquiv>
      </TextLine>

      
    </TextRegion>
    
    <TextRegion id="eSc_textblock_bed04a24"  custom="structure {type:text;}">
      <Coords points="1527,533 1596,533 1624,604 1560,660 1488,660 1488,552 1527,533"/>
      
      
      <TextLine id="eSc_line_687f1a6c" custom="structure {type:default;}">
        <Coords points="1589,533 1566,533 1543,533 1520,535 1497,547 1502,614 1502,653 1599,650 1599,609 1592,535 1589,533"/>
        <Baseline points="1502,614 1599,609"/>
        <TextEquiv conf="0.9998525381088257">
          <Unicode>92</Unicode>
        </TextEquiv>
      </TextLine>

      
    </TextRegion>
    

    
  </Page>
</PcGts>
