3104 4140
1235 650 2583 768 pire pour dieu uous pry qui souffey passion
1281 703 2653 834 Qtue cheualier me factes sil uous uient abon
1297 754 2581 883 ar quoy hardiement de fermẽ intension
1281 804 2287 908 quran auendurer sur le ieste maho
1306 853 2383 956 Et dist un caste lans̃ a diex benrichon
1306 908 2333 1000 e lolre a dõne sanr mil ariesti son
1290 959 2374 1053 Eusy fu cheualier ly damoisaux lion
1286 1014 2533 1115 Ny castylains ly doune sen desfeieraragon
1281 1074 2439 1168 Et dist a haulte uoir cõmout aues auont
1260 1122 2236 1212 Efire chlr diei sy mapeleron
1279 1175 2556 1283 Par pour le loy de dira que ly iuis felon
1336 1230 2487 1331 rauillecent un ceois pour nosaluasion
1267 1276 2498 1391 Uoray auenturer mon corps et me fachon
1260 1334 2696 1462 Dout broche de tl cheuai dont on ly ot fait don
1263 1393 2346 1485 Et a rait lespre qui ui pont au gire
1297 1460 2482 1536 Entre paiens se bouti alon d campion
1320 1506 2600 1586 ellement syesprouue ly dousiaux de Regnon
1260 1575 2390 1639 Quil nataut saraimi entour ne endadon
1281 1619 2298 1697 Duil ne mesist amort et a secusion
1267 1662 2514 1745 Et bras ly estrioit uiaiya freres pour Ihum
1256 1720 2487 1793 nales pourt prop auant sur le geit baratan
1254 1766 2655 1853 Car se ge uous perdoie par le sorps saint sumon
1247 1823 2478 1895 Auuais lies ne scarou enues me condisioi
1263 1865 2581 1961 Boisy disoit ly enfes dont ie fay mension
1244 1920 2547 2017 Benoite soit. Iy dame de dieu et de son non
1233 1977 2429 2065 Eui porta on sel flans sy faite nore chon
1283 2033 2731 2129 arde che ueas yssy uns hous de grant Regnon
1302 2086 2655 2180 en est clames st brise sy que lisant trennõn
1401 2148 2600 2233 chieyx fu sains martiis con apele non
1389 2189 2751 2300 Rande fu le bataille deuant boulongne espris
1221 2247 2625 2339 Contre lus sarasuis fu ly caplrs mortes
1254 2297 2646 2401 ly gentieux caste lains sy est bien espprounes
1277 2371 2519 2463 et hous ly dousiaux qui estoit a douues
1249 2426 2376 2507 Et nouuiayhlr hardy et Redoubtes
1281 2481 2613 2578 hieux y fieet uroment cõme uasal doubtes
1240 2550 2418 2631 Et ioit haultemont uaroni er yfores
1212 2596 2544 2691 uencies bemort ius que en lois Ru penes
1231 2663 2524 2741 Eusy disbit meufes que tant lu natures
1256 2716 2535 2799 nchois que sen corps fust batisirs rd benus
1231 2785 2413 2852 sa mu tant Ilsũ crist che dist lauccorites
1235 2829 2386 2918 dui samonstra a luy con Ribans esgares
1247 2888 1304 2983 E
1357 2884 2473 2971 en recaust lammosne Qusy qui  ores
1254 2960 1306 3065 S
1320 2932 2756 3063 Eigneurs or entendos que dierx uoꝰ benexe
