3104 4140
1424 526 1527 648 56
110 678 1468 811 Houssies point meffait un tout seulgpafis
117 761 1585 873 ons narres pas garant sour lautel Ihũcrist
121 837 1702 942 ien uoy que migabes de uous sun escaruilz
128 908 1810 1009 dont ploura ly contes ses cuers e fe fu ateuris
133 970 1688 1071 Quant autliaines le uoit sy sescrie a hault crys
151 1039 1573 1143 ly queus de clochestre fintent hors du pais
101 1099 1585 1219 Sy lont que ne te uoie iuaais ly aois heuris
119 1168 1578 1281 Par sil te tient amains Ie suil certains et sis
138 1232 1587 1352 Tout ly ors de che moude ne te seroit aydis
197 1301 1463 1416 ne iu ne soies mors ⁊ du sielle sunl
124 1347 170 1449 E
128 1368 1392 1485 Dont te uint hardement uolentes et ains
121 1428 1380 1557 De faire tel oultraie a le dame de pris
333 1469 1622 1605 conte de clochestre dist authiames entent
246 1547 1532 1674 Ed̃uent astu en ne cuer ne hardoment
124 1600 1702 1738 Ca adoirsi donche clame que tant a le corpagent
133 1678 1525 1800 inoult sera folz heuris se tau tost ne ceppent
124 1752 1679 1862 Dist lequẽde clochestre ne me doibte noient
121 1812 1716 1931 Car scachies que lay fait tout par sen iugemrent
133 1862 1596 2000 Et tout par sen acorpt se sel saiaux ne ment
121 1943 1484 2065 Car il ma enuoiet par certain mandement
121 2012 1541 2127 No me sagiers sourant qui a moy proprement
117 2065 1537 2196 qut littres aportees qui fout gmandement
119 2127 1539 2256 Eue iardesisse elame sans mil delaiement
121 2182 1541 2341 Et au deux ses enfaus ie lan fait ensement
124 2272 1249 2408 Ien ay ꝯmission du roy deuement
124 2334 1744 2472 Il ne men puet blosmer se uers moy ne mesprent
131 2412 1725 2541 Uous aues bien mestier distapthiames briement
126 2493 1670 2605 Que uous scachies adire et a quon et gment
126 2559 1638 2672 quel se moulher arse et ses freux ensement
117 2638 1525 2741 Car quant il le sara ie scay certainement
158 2702 1415 2806 pur d pre nara ly richrs rois talent
124 2764 1721 2877 Dist ly queuxo de clochestre dites uous uaiement
225 2831 1794 2941 ue le poy cuide eu uie se moullie⁊ ocorps geie
124 2891 1553 2994 qu il dist auchiauies Par de mien serement
138 2960 1631 3088 idont ploura ly contes asses pitensoment
