3104 4140
246 747 1845 890 ult fu rors ced ardonbours corageux et hardis
89 839 1318 947 hrem garda s contre ses auenns
138 887 1458 1005 iẽ fust oultre cuidies dont il estoit Rẽrplis
177 952 1421 1055 uenst Ia perdi se grant chite de pris
126 1005 1594 1131 Nes oultre cindies fu ⁊ oultrageux toudest
142 1074 1546 1179 uant ii uit que de la ne parcroite herria
156 1133 1477 1230 t quẽ y ot efte ⟦ce ix mois uoire uien x
121 1186 1491 1306 Nahõmet en iura de quil il est serms
156 1260 1189 1359 uatetes en yrafaire tel capelis
156 1315 1658 1423 ne ly penples de dieu en ert uous esmaris
124 1370 1668 1499 kaner a fait ses hõmes bes grans et les pitis
138 1432 1610 1563 fait souuer les lrãpes ⁊ si ses cor bourdye
1242 1492 1357 1577 ieies
142 1517 1173 1626 qura manõmẽt qui d muy est
133 1563 1624 1690 Que il u lairoit mie pour lor de che pais
158 1642 1468 1750 ar prap ont la este Il en arout du Ina
239 1699 1553 1807 Iora Roiu ardenbours ne sy uault arester
225 1757 1695 1879 fait ses corpe bourde et ses trõpes puer
142 1844 1247 1938 e Ihrun issent sarasin et escler
144 1895 1516 1994 et le bou roy heury a fait se gent armer
167 1957 1371 2053 uant uataille sist sy que loy conter
142 2014 1771 2116 e prenniere des quatre uault le uon Roy mener
133 2083 1661 2175 nthone le secoude qui moultle uaultainer
243 2141 1649 2233 ly fors rois ꝯstant uault apres enbaler
200 2203 1500 2297 amoris descoche ne sy uault arester
135 2263 1279 2352 toute se uataille con ly fist pũter
128 2311 1523 2412 uers le mont dolinet se prist aaualer
117 2392 1516 2484 a sareste amoury que cuer ot de saingler
184 2454 1631 2543 tly rois ardeuboirre faisoit hault camburer
105 2451 167 2546 E
243 2509 1751 2612 deus fist aprochier quant uint e lassambler
156 2571 1711 2681 out Peissies ueir grant lydeuraegarder
161 2633 1647 2750 aien et saroizin lanchier traire et uerser
250 2688 1778 2817 deus crestiens Nraire poier leur uie sauuer
149 2766 1504 2888 asdiuencha uataile aleure de disner
135 2824 1537 2955 nques nus hous noy de sy grandesꝑler
158 2900 1679 3015 t la penissoies uous gens crestiens esconter
140 2957 1861 3072 riant le saint se pulere dieu uenes nous sauner
154 3019 1716 3146 y rois tenoit de lanche lait le cheual aler
