3104 4140
1184 719 2487 827 Eigneurs ꝑ denãt PRõme fu sorte lẽuaie
1178 786 2639 892 Crestiens et paiient mumẽt hideuse uie
1219 850 2510 938 Et auchoiu li srois ale chiere hardie
1251 908 2498 993 Il fiert sousfissament de lefpee fourbie
1231 956 2609 1058 Sascus de ser barons y tault .u. prent la uie
1240 1025 2404 1122 L. ot si grande noise et telle trierie
1226 1076 2648 1170 Que le noize en oton pres de lieue ⁊ demye
1302 1145 2715 1230 ylliches lois hurtans q̃ les payens maistrie
1235 1196 2586 1283 Ua courãt par lestour atout se baroumie
1217 1248 2689 1352 Et fiert sus trestrent dime haiche esguisie
1226 1308 2531 1396 Que il acaint acoy se mort li est Ingie
1219 1357 2756 1467 Bien si preuue li glous q̃ dome dieu mandie
1226 1426 2498 1517 Qut muchomne le uoit ne ly agree mie
1217 1483 2475 1570 Il broche le destrier sa lespee a poigmie
1217 1536 2577 1626 Sa fiert le Roy payen ung tel cor celle sie
1221 1593 2616 1678 Qeue le teste li a en n moitiesz trenchie
1233 1646 2496 1736 Mort labat di cheual cõstãtinoble crie
1228 1708 2503 1793 geres frans chlẽs sur le gent Reuoie
1221 1759 2680 1846 Rout y fierent se hõme cui hardemes aigrie
1219 1814 2531 1902 Or font le sarazin forment auere maru
1208 1858 2774 1973 Paur le fort Roy hurtault q̃ la gisoit sans uie
1247 1927 2632 2023 y Riches Rois bruans qui fir de se ligmie
1226 1998 2703 2074 Fie durement dolans quãt il uil amezie
1221 2044 2630 2136 le forchi des paisens qui fu amenysie
1196 2136 2843 2247 Qut̃ il ꝓchuxt morir le gent de se tenãche
1309 2102 2712 2191 Oult ot le Roy briuans a son ceͬ. qut pesãce
1270 2210 2609 2300 hil de q̃stãtinoble ont fait une aliguche
1208 2270 2754 2362 Sestandart ꝯdueserẽt par leur fiere poissanche
1240 2329 2768 2428 Iusques en le bataille de le geut sans canche
1226 2389 2445 2486 uthomes li Rois fu en boie ꝯtenãct
1214 2444 2655 2536 Nacontoit unet bouten quelle ꝑt il sauache
1210 2502 2807 2599 Carmieule aime a morir a deul et a gnache
1205 2562 2747 2661 Quil ne uiengne a uoron de se fille plaisance
1203 2622 2793 2716 ql d elame dist il com ti peiz belle et banche
1217 2684 2450 2769 Se Ie te puis auoir ꝑ ctaine a li anche
1217 2730 2797 2831 Du paxe qui mẽ dõibt dõner la coruessanche
1191 2792 2853 2891 Ie ne ueul en che mõde auoir aultre substãche
1205 2861 2807 2944 Que destre au uoꝰ en nouuelle a coitanche
1208 2916 2784 3006 Qusement dist li Rois qui fu en solle errãche
1265 2973 2726 3052 our lamour de se fille dont il a desirnche
1214 3019 2853 3141 A fair che iour entrer son brant en maĩte pãche
2448 3477 2984 3624 Faiyen qui soit
