3104 4140
1283 965 2915 1083 Et ln papes leur defdist a monst hault a leuee
1212 1044 2779 1138 Cpeidrieur laissier le duel huy en celle Iournee
1316 1101 2342 1193 neorre Raueres e lame lõnorer
1224 1161 2731 1258 iou ay durle aluy mais poutt ne sest nõmee
1274 1219 2340 1308 rberaige crier par le chite lore
1281 1276 2489 1366 dur qui xpora auir ceste Rame trouuer
2572 1324 2705 1416 inii
1281 1336 2494 1423 ou ychy ou ailleirs il auera tel sande
1277 1403 2680 1485 ue dazpent aurra ue grande sd uongie
1235 1453 2379 1538 Iinsy ne demora neterre ne ꝯuree
1295 1506 2701 1609 ne pout ly atonpuer ne sont briefmet futie
1235 1566 2342 1660 Dout ont ly uaron ceste cose acorder
1226 1619 2671 1713 Et fu cesse ordenanche et nouchieet crure
1205 1674 2837 1764 apar le chite d Rãme qui moult estoit peupler
1270 1731 2593 1819 es cables furent mises en le sale paine
1283 1787 2590 1876 et furent bien sermy syq il louragree
1293 1846 2468 1929 y gentis a posto les qau ait uõue duris
1228 1897 2471 1982 pela nos uarons amoult hans alemee
1265 1954 2406 2049 es i Roit apela a qui proesse agree
1201 2003 2673 2104 Peigneur che dist ly grapes oroirs mepeuser
1350 2060 2834 2162 uous pue qloier diec qui fist chiel et t̾dusee
1366 2127 2701 2224 uous eslongies pas sil uous ꝑlost et agrae
1274 2194 2524 2277 ares le grant chite de tastre ꝯ questre
1318 2240 2590 2336 t qui ly Rou hurtaux ait de uirfuiee
1295 2297 2692 2394 ar se uie Remaint chest bien cose auerie
1304 2352 2514 2458 ne nous demora une ꝓõme paree
1304 2408 2323 2507 segierane ueura a uanere louer
1302 2463 2606 2555 e dist le roy lirmy dengleterre le leie
1274 2523 2501 2622 ure sains apostolel naies churre effraie
1270 2576 2708 2674 nchoi que nous ayons celle cerreadessee
1274 2642 2443 2727 rous castre ꝯquise ⁊ a uo loy taurme
1231 2695 2531 2785 Maiepries Ilueres qui se char et peuee
1228 2753 2595 2835 Que Eenuoiet nous ueulle elame loueree
1286 2808 2841 2902 ar chest le cose ou monde que py plus destree
1279 2863 2462 2964 que d Rauoir elamue le r̾rine sauee
1226 2916 2972 3061 Par foy cher a grant tort que de moy sescdoubore i fust
1240 2976 2738 3093 prel sen uout couchier quant ly cours
1217 3040 2917 3164 feuant che uint lendemain au coint de sa Ioellit
1210 3098 2533 3192 Par le chite de rõme fu le trõpe soum
1244 3160 2636 3252 e hornas fust chargies ly ost est arontre
1233 3217 2501 3334 sapostole al rõme a crele matine
