3104 4140
791 627 1610 729 disie le raler pardela
117 683 1026 770 las que auon corps Aus
112 756 1336 821 Tant que uous seres mors adent euclinat
128 804 1619 880 pus iours me samble cent a demoure parducha
131 850 1500 940 y faux rois biltor mon corps uous assaura
149 908 1403 995 es ymages dit mur quanchomes ordena
124 959 1543 1041 pour la mour de se fille quant leens sostila
142 1016 1560 1097 y pois moute e destrur uistement le brocha
112 1069 1484 1154 Ds corps et ses huismes a sout cõmanda
103 1131 1587 1223 Engles ꝑsent de rõme que mis ne saresta
117 1189 1306 1274 lapostole climens adieu les cõmanda
115 1244 1438 1334 Et ly bons rois huiris ale bataille a la
135 1311 1290 1396 i prie qhũ crist qui le monde estora
133 1357 1615 1453 pue uictore luy doust par ⁊quoy sysen mra
126 1426 1594 1511 eoir le belle elance que par amours ama
508 1478 1594 1566 ssiis heuris de rome le maiout
147 1527 1560 1616 Bamrre desploie chenanchant par sierour
200 1582 1852 1676 nt⟧ Gonnoient clies buisures chil cor etal tãbour
144 1639 1488 1718 oy butor dermome ou tant ot de fieroir
140 1692 1433 1780 fait armer sẽs hõmis enuironi et entour
121 1750 1753 1851 Lontre crestrous uieuent paie parggrant yrour
135 1816 1527 1902 a peussirs ueoir cõmenchuraerant estour
126 1872 1631 1964 morir et demer mainit entũ s põnadur
149 1927 1518 2014 et mait fel farasin ochiragrant deloi
156 1973 1596 2076 y Rches rois heuris se cebat par yrour
142 2035 1537 2127 duil u ataint est mors aduel et a cristour
209 2088 1509 2182 estrie engleterre a forche et auiguers
158 2145 1560 2251 utor crie hermenie ache aiche aumatour
138 2217 1302 2311 la pensies ueir morir maint uasseour
140 2274 1412 2369 Et les camps arouser de saugide suour
154 2334 1419 2428 apostole de rõme outant auoit dõnour
138 2382 1564 2495 uas crestaux en hault Pour ainser le stour
161 2454 1346 2546 et prioit le boucuer au Agne dantour
135 2516 1348 2612 due ln fel sarasin en a iut le puouz
138 2569 1440 2665 Et hieury se cõsat le roy de drant ualeur
124 2626 1635 2720 Mauoit plusz hardy hõnce Iusquide maiour
269 2686 1725 2783 oult lu ly rois heures corageux ⁊ uaillans
255 2746 1619 2842 uelentiers queria sarasin en tous tampl
110 2812 1587 2907 Richement se prouua a come sus les canu
103 2872 1718 2969 Sonner fait les bausmes et et corps etolifans
133 2941 1709 3068 Et ly fore Rais butor qua ir ruollez su grans
