3104 4140
1311 942 2816 1055 Gar sil auenoit cole che guil maucenaneia
1302 998 3002 1115 Euactrefois nie nauraisse mon corpi sen garira
1300 1058 2830 1154 Car ie ne scay de uray par dieu quemeerer
1318 1106 2827 1212 Quant reuarayauesher se mon corpe uarara
1302 1163 2770 1258 Cy Restos aparillie dame que uous uoyla
1341 1219 2604 1313 e quant Il ot che digly erfes sesuillg
1348 1276 2784 1368 e boiste a longurment de denũ se main trouua
1334 1324 2784 1423 Et fu sains et grzis que nur qal leutatie
1332 1386 2841 1476 adont apris le uaiste dou chemẽt le bacsa
1442 1444 2791 1522 a le merpe dieit le sien corps ꝯmanda
1309 1492 2692 1577 EEt pardeuant sen lit agenoux se qera
1359 1547 2627 1632 e cuer Rliguux sams Recomanga
1336 1605 2312 1695 celle sainte uierge que Ihũcrist
1355 1637 2763 1745 e uoiste a longuouient que de fui orouura
1481 1722 2570 1791 elle diuite mus basierne laua
1369 1757 2738 1844 ne sil a nauerure ⁊ mens ny faiche Ia
1364 1812 2791 1913 darches dines ⁊eliques tos garis ensera
1316 1862 2692 1954 De dens le Rresorn de iours le frenuera
1274 1918 2862 2012 Che tesmogue uy ciers qui che liurre Runa
1438 1975 2650 2060 igueur oy aues cõment ly auenia
1433 2033 2968 2116 iault souprondre martis quedes uõs fuamis
1297 2070 3032 2182 ou che uous est par moy chieux proubechrdie
1352 2134 2823 2217 ue sil uous ament cose ouenfais ouen dis
1352 2191 2873 2283 iun uoꝰ courne ecaraennoy ueren ihũeist
1352 2249 2680 2334 me groite matira uenlestre Reuers
1401 2309 2717 2385 martinr uous luiray qui llait fu esensin
1463 2364 2751 2444 urisse sensrere quauent luy siĩnoris
1249 2415 2876 2500 Pas taut ores quent ly enftinit q qault pris
1256 2463 2917 2555 Retroune rent leur mere qui tat ot cler le uis
1270 2525 2542 2599 Elam le courtoise le cout gentieux
1260 2576 3044 2665 Mais aichois uous diray cõmont lieoisheurẽ
1410 2647 2747 2716 prounaoultre mer entre les arabis
1251 2647 1295 2739 ¶
1302 2700 2643 2780 ienaues ondire que ly roisag ensis
1325 2748 2791 2822 quist hin Ihreui on dieux su mors et uis
1311 2801 2784 2891 meut syconuertis ardeccboure ly gentis
1208 2838 2613 2939 Amentobatisior otauen non amonris
1313 2895 3007 2999 contre amaury descoche qui fu ln plus gentis
1247 2911 1274 2969 D
1306 2950 2623 3038 de trestous bs crestiens ⁊ ly plus
1254 2996 2936 3100 Bis henris et augonurr orent leur cheunis qrritz
1389 3047 3039 3169 igneur pardeuant castre furent nostre uaror
1228 3095 3037 3215 ut y auoie ui e roy freren fu ardonbonre
1235 3148 1884 3231 Moult ert chieux
1958 3167 2922 3282 bis doians en se condisien
1254 3201 2627 3323 De sen frere ꝯenani qui leredit enqħ in
1249 3328 3002 3479 Poͬ aler droit a castre la fu leur boius ams
