3104 4140
1371 673 2919 816 Pien peuse que retraite foit soit en religion
1375 745 2540 869 ulen saries uous adie srgnificasion
1357 811 2809 959 Erant la besse lentent sa baisse le menton
1493 896 2807 1030 pensa un petit puis nespont a cler ton
1355 968 2890 1101 Gnre che dist labesse par le corps sauit fimon
1364 1051 2487 1156 Ie belle achy este selons mentensior
1364 1120 2735 1223 Quent un marõmer en un petit drõmon
1355 1198 2655 1294 prina ache port plus not de õpaignon
1369 1265 2676 1389 nel sy test quelle et en nos possessiono
1992 1260 2135 1334 entra
1357 1350 2848 1474 Ies cloques cõmencherent a sõner a hault ton
1346 1437 2892 1557 Sui cordes ne tenoient ne sergent ue garchon
1348 1501 3032 1658 Bien ni mois demoura dedens chete moism/ mais
1348 1570 2708 1715 Mes elle se prly party que uo celerot o
1329 1644 2641 1784 Pour ytant quil li rois de cheste mãsson
2774 1678 2876 1807 ei
1364 1738 1389 1828 I
1323 1791 2572 1920 Mel hy uelle nauoit talent de tel baren
1589 1734 2758 1842 uault auoir le puchelle a se deiision
1334 1862 2754 1991 De dieu serunr auoit plus drant deuosion
1336 1931 2524 2044 De chy se pary pour ycelle occoison
1364 1994 2708 2109 Et quant ly rois anchoines oy celle raison
1346 2058 2630 2194 Ii fois se pasina sur le col ou gascon
1454 2152 2751 2283 quant rpuint a luy sy sestae a hault tou
1332 2228 2593 2346 Ny elameppllte dist le roy de Renon
1327 2309 2738 2421 iou ay poier uous seuffert mainte percusion
1311 2387 2910 2493 Fherquiet mainte coutrre ⁊ maint nolle rõgnon
1313 2463 2620 2566 Or ay oy nouuelle de uo nolle fachon
1359 2539 2913 2635 Euant ne uoul puuis Rouuer uechy mal occoison
1320 2603 2756 2714 Nres par cheluy seiaueur qui souffry passion
1468 2674 2765 2810 qui resussita de mort faint lazaron
1320 2757 2758 2872 Inis chgrque rays mõde entour et enuiron
1375 2840 2910 2962 ne ne uoie uo corps qui est dlain de renon
1309 2916 2583 3035 A la besse demande donche dame de non
