3104 4140
352 910 1152 1002 la nouuelle loy moustree
236 956 1178 1041 atelement que qri ioidy blane
230 1021 1134 1094 eier sir e uidement auoustrant
195 1067 913 1154 uy tant dians se patt
193 1120 1049 1202 Mais ame les slma ⁊ benen
278 1173 1274 1262 sus en sontssaint chiel Remonta
306 1235 1042 1311 aposte les cha qus laissa
232 1267 1231 1357 ons lingagges seurenuparler
236 1327 1168 1407 un de lantee uaurent seurer
289 1375 1164 1467 quis thumas a la prechier
352 1414 1196 1531 n inde ⁊ le foy ensanchier
255 1497 614 1582 mne phlipes
306 1540 1164 1637 sainl iehans en sanome
213 1596 1143 1697 pamis Iaques en galile a la
149 1653 1265 1757 Lams audrieux en escoche entra
409 1727 1201 1810 diaupne se fuseit qrrier
218 1775 1102 1869 De le lon de dieu prechur
188 1839 908 1908 Sy trouuerent les introites
234 1876 1028 1954 es e uangilles et les epistrer
239 1927 1127 2014 ies bouis martues et des confer
236 1989 874 2063 e qui on einte tout
197 2023 1072 2113 Nont saintiͬ egliie est hõuers
243 2088 1042 2173 a doulche uierge coulõner
234 2148 1042 2231 a couche uierge courõner
227 2198 973 2274 emoura forment esmarie
227 2233 1053 2329 euant lot laisie sa ꝯpaignir
250 2293 1056 2371 ristre at cuer et argousseuse
218 2348 1104 2431 demoura le uierge glorcensi
232 2405 984 2484 eue asans prite en auoit
232 2454 1194 2536 nou lt fort le uurae sounorame
248 2497 1327 2596 elente en iet/ et ocuer grief paine
255 2559 1122 2654 uant le laissa se cõpaigna
255 2617 830 2697 qui estoit acẽipoigmn
253 2677 994 2769 larir marte cp eleofre
236 2727 867 2810 parie iacob et soloma
239 2778 906 2868 uens marie ma ueanue
266 2833 1028 2923 mre uenisse le certaine
253 2881 973 2971 uolent cõpoigme loiaux
260 2944 1115 3022 le doulche uerge Roian
243 2987 1145 3079 Qe lune qui est d hault pris
278 3047 1143 3137 in sezuir est de cous pais
216 3104 968 3185 Lelle sen al aparen
220 3127 1182 3268 a dizne uierge e gerphin
1445 779 1532 876 11
554 3321 591 3380 2
