3104 4140
119 752 1451 899 chiel sil estoit mors ge ne me doulte mie
119 823 1297 952 due Ia Riens en seuist le ure barõme
119 936 255 1011 dame
423 855 1461 988 dist constans moult estes enseignie
151 931 1527 1062 ⁊ le faites mander pour dieu Ie uous enprye
144 984 1380 1117 luy metire a essil ne my fainderay mie
144 1035 1371 1182 dout sala armer que point ne sy detrir
179 1076 1456 1244 dame de sei fait sa moult uien aparellie
144 1159 1247 1306 n sarazun apelle qui fu de se mainie
140 1221 1231 1361 ms dist le Rome que ihũs benaie
140 1274 1410 1409 les uous ent briesment ⁊ se narestel mie
140 1334 1265 1465 proitement a lostel marados desclandie
213 1382 1385 1506 y dites urielment que point ne sedetru
124 1407 1691 1593 Suil uiengne a moy parler tous seus sans ꝯpaignie
218 1483 1424 1623 c̾hieux a respondu me dame Ie lotrie
195 1561 1113 1688 ycelle ri son en a fait departie
142 1609 1373 1741 imarados sen uint haultement ly escrie
147 1672 1343 1803 sire dist ly paiens or foit me uoil die
172 1736 1486 1846 Rome pous mande que tant a seignourie
142 1782 1491 1902 uales aln parber sans nuil aultre maine
306 1835 1417 1945 re Sist le paien entendes me Raison
269 1885 1440 2003 e Rome uoul mande aie clere feuchon
213 1941 1502 2060 iales parler aly tous seus sans ꝯpaignon
156 1994 1465 2125 uant maradoi bentent ne ly uint pas a uon
181 2072 1157 2178 u paiens mandade sen estraction
170 2116 1306 2233 e cascun fist uestir le hauuert fremillon
156 2173 1320 2286 auont luy les mena sanc faire auestison
172 2219 1474 2348 desy iusque le camore ne fim̃t in glonton
172 2286 1375 2410 Quant le roure en uit uener telle foipn
174 2348 1295 2458 le cambre ua frumer a forcheet a bandon
163 2396 1530 2511 Dine dist au roy constant qui cuer ot delien
154 2461 1157 2566 Airely saraqui sy arut souprechon
202 2502 1415 2631 õuenst par deuers luy euuret de traison
190 2571 1300 2681 uenc luy sout uene ur paiena felon
147 2628 1311 2727 Pas ne poray uenir amoy iace fion
172 2679 1638 2785 Cõment ouuierons nous pour dieu uous en prion
170 2737 1421 2842 ameche dist uyrois foy que Ie doy Ihm̃
218 2794 1106 2898 ssies yles entrer aleut deinsion
161 2881 179 2960 e
230 2849 1341 2962 c .xxx en yauoit foyque I soꝵ Ihũ
154 2923 1150 3024 Ie my cõbaterax ien ay seuoa
181 2962 1769 3104 bar qui dieix uentrainet uee ly uient sebrennon
