3104 4140
1470 823 3000 956 Gains Iorgis ly a dit haultemait en oiant
1447 903 2986 1007 pre uenes uous ent yrop ales atargai
1456 952 3030 1064 Far scrchus uien de fin que uous arderan tan
1456 1000 2894 1117 Eue Ie uoul Ieteray d scalonc le grans
1465 1060 2986 1166 donquel ua i pois teirement socpirant
1442 1117 3021 1228 Pour lamout de plaisanche que ses corpe amai
1433 1173 2788 1278 Mies le Romne auoit en paoursy grant
1435 1244 2938 1336 Que marquande auoat a uirpaien mescant
1421 1299 2982 1391 Qui estoit marõners par my le meruriuant
1408 1347 3016 1455 Tant ly auoit promis cor et gar dorgent luil
1424 1419 3009 1513 Que chieux ot le Roue meme en un cglant
1440 1472 2993 1570 Suer chieidiz mact paient auoit qui estoit mas
1424 1524 2913 1619 tui denouent aler deuers Rõme legrant
1470 1586 2883 1676 a se mst le Rouie ⁊ poir auoir garant
1495 1642 2899 1766 ae teuoit amortle riche Roy coustant
1408 1695 2751 1823 Dont elle estoit Rbout de uif enfant
1530 1759 1642 1835 uico
1401 1768 2305 1931 Perẽs Ru saie echier
2027 1775 3025 1945 le un fil ton nõ ma Iogelant
1428 1904 1470 1945 E
1562 1885 2059 1964 hreus mchnre
2091 1904 2843 2044 si fu ꝯpains floenant
2351 1867 3023 2012 che gronuons noꝰ lisa
1509 1936 2611 2076 u fu clloenis que de fier
1408 1998 1504 2070 Or
1541 2003 2876 2148 uous derax du goy ohardi conuenant
2680 2007 2952 2097 ot tant
1405 2072 1463 2132 E
1477 2058 3023 2237 aut fist ly uer sant iorges Par le Ihũs ꝯman
1389 2111 2195 2235 Qui mist hors descalon
1435 2182 2188 2297 et puil Ismellement
2236 2175 2924 2297 d bon troy cõbatant
1369 2240 1654 2309 Peuers
1454 2297 2995 2467 aut fist quil uint cen lost de heurxle uailant
1723 2254 2565 2387 hin sen ua i pois courant
2427 2256 2993 2371 . de luy partant
1373 2364 2818 2520 Otres lerroy heurye ua briesment descendant
1362 2435 2922 2582 Pieux que ly crestien uout grant ioye demenãt
1366 2481 2922 2681 Quant Il uoient le Roy qui aloit Repairant
1369 2539 2915 2727 Auchõmes ly uous rois le ua moult festrant
1343 2654 1746 2755 Et amouri
1608 2615 2919 2792 le Roy heury qui tant ot fier samblant
1359 2720 1965 2835 Goustans ua les
1916 2702 2075 2794 toche
2098 2718 2768 2831 en ua uie menant
1352 2773 1369 2861 ¶
1421 2776 2986 2985 eigneur che dist coustant alel moy escoutant
2011 2766 2307 2852 eiys roir
2353 2794 2995 2909 uistement apelant
1426 2849 2814 3015 tuous uon ary hemry a uous le dy deuan
1375 2909 2998 3081 dieux ma fait courtoisie se lenagratiant uois
1362 2971 2864 3134 onte leur ue lancure quuelle ment coutant
1352 3024 2984 3206 de plaisanche le uelle et du fort ror priant
