3104 4140
1578 708 3023 857 fort roy hurtaux oc ocuercile douutã
1640 777 3014 913 quil uit morir le gent de se ceranche
1348 825 2880 963 E uadont ot tel paoir ⁊ au cuertel pesã
1557 896 3023 1028 er hõmes Missa as camps perdre fina Et
1470 949 2848 1069 de Ruler acastre ymellemit sauãche
1447 1005 2938 1138 n le chite rentra sans tenir oe de nãche
1336 1101 3023 1292 nrult grandt dieul dement pasnguliesno
1707 1081 3021 1214 par d deul castre Rentres hiris hue
1346 1179 1405 1237 L
1364 1242 1587 1311 Taut
1663 1196 2876 1347 que cloems ot fait sy fais assans
1385 1294 2860 1481 auul uosa de mourer es estours Reminꝰ
1663 1258 3023 1432 otr mors des sieus ly iaien desloian
1334 1359 1737 1465 quiclpois est
1339 1430 2786 1584 Et ly rois clouus qui tant fu anturams
1783 1393 2982 1557 destournes par dedeus ses castiaux
1318 1485 2068 1605 Ot ache iour uictor
1339 1559 2908 1706 et pour che crut en diei le ly espericaus
2167 1538 2867 1651 e no liures nest faux
1343 1637 2204 1731 Iy traims ue sien angle
1316 1685 2600 1814 Eui ly osta lesent ‸ du ot in boteriaux
2452 1674 2991 1780 sains dabriaꝰ
1297 1747 2857 1892 pent ung blason dasirrafleur delide Rouux
1325 1810 2816 1952 sy ropis ua par lestour laire ses enuaux
1313 1862 2993 2028 orant fuly eecoifois ocqis uus ⁊ ly estouꝵ mortaꝰ
1272 1950 2977 2083 arasin disent mort par font et ꝑ mõelias
1329 2017 2818 2145 Eet cloeuis yfiert cõme prens et namaux
1304 2074 2894 2205 Eet tie hanlte metauant frans damoifans
1334 2141 2995 2295 ions demoures huy frans se sera uo pros haullt
1265 2212 2965 2350 pour chi dorenaiant sele ueult mes ꝯsaux
1274 2279 2947 2426 Ara gaules non pranche par mes exqetrus
1357 2346 2802 2486 eihneur dist eldeus ale elpere harde
1302 2396 3000 2576 ly dieux des heul kestiens oullotairi manne
1336 2477 1486 2550 Ron
1281 2513 2995 2693 Nas iour duy monstre sy tresgrant courtoisie
1525 2488 2823 2608 et a fait a deb tous de l purs̃ desa uir
1256 2566 1359 2651 Do
1277 2642 2841 2808 ln sement sist uy aois qui prouesse maistie
1691 2605 2565 2727 eriuran sans̃ auor felõme
1364 2725 2871 2881 nt silt que le bateulle fu toute dosconsie
1283 2785 2333 2900 N mile paien yremest celle fie
1267 2840 2416 2976 plorins Reparaase qerrigorre
1217 2900 2777 3042 ⁊ si fors rois lurtaux outant ot selõme
1320 2966 2478 3109 mii iours apresde bataille sun
