3104 4140
1481 738 1589 860 116
85 811 1454 945 e Rome ꝓplaisanche le fu moulta gestans
75 896 1254 1002 Et ceit arequoy operes tous paussans
105 949 1587 1053 ue uechy un bel hõme uien lamble souffsand
82 1016 1511 1115 plenst dienguese aerre me fust ore tenaits
85 1074 1392 1182 et de moy espouser fu ses corps desirans
89 1140 1520 1248 usy dist le Rome que Ie uous suis couctans
103 1196 1663 1311 duil ot elle che roy pas nen soies doubtans
133 1267 1274 1366 a celle dame fu engodes Izerand
115 1324 1587 1435 ou supere richie qui tant Parfu uaillans
147 1389 1440 1501 copaignon flueut que richier fussmans
112 1451 1783 1563 ⁊ puie Iu mis enfiertre che nous dist ly admant
112 1517 1497 1616 dout droit a saint richier la leston aouraint
184 1573 1419 1676 fluent lo chist dont il fut moult dolans
142 1632 1412 1747 n le chite de scalon qui sur mer est seaner
131 1697 1486 1805 i ly adis d bourdiais qui ot auon constans
105 1761 1534 1869 dieu que ly roil heuris en fa de cuer dolans
186 1807 1295 1925 oussy fuanchoie ⁊ amoris ly frans
184 1860 1438 1982 testont le barnaihe quien dienfucreans
209 1977 1394 2099 euout ihelĩ sont dolant ly baron
202 2046 1635 2162 ꝯdour le uon Roy constant qui estoit enprison
163 2116 1336 2217 riclie roy priiez qui teuoit escalon
138 2175 1537 2281 fait meltre on se chartre sans nul ariestison
188 2235 1208 2341 yfait amegier aporter a foison
133 2288 1463 2408 noult ly fitgrans hõneurẽ ⁊ Reueradion
138 2346 1555 2470 ar cascun iour iht n fois de chartre lostoiton
147 2408 1392 2530 t la siet ase talile ar derant se fachon
128 2488 1507 2589 Nes Il sest drant fone que uous celeroiton
156 2543 1527 2649 laisanche le Rome qui tant ot de Regnon
154 2599 1564 2704 st tant opoy coustant qui tuerot de E nion
140 2661 1500 2762 naly parla coiement et ly cist en uas tou
115 2720 1288 2829 arx uaillans Restieñ oies mente sion
154 2780 1509 2886 õment quescrette soie de le ieste mahon
163 2845 1366 2946 croige en ihũ crist qui souffry fassion
149 2918 1254 2999 e mauoie forment en me cõsission
138 2966 1470 3063 tue Ie use ue nien tampl encest region
112 3019 1380 3114 ar de uasresme auoir ay crant denosion
121 3079 1682 3194 deullues men cõseillier dour dieu uous en prion
