3104 4140
1500 841 2747 975 emassy tant en dieu que souffrrcpassion
1502 901 2687 1032 ne bien les oclpiray a forche et a bauon
1447 1023 2754 1163 e noise quil meuront ⁊ le glant bruson
1679 965 2841 1106 dist li dant che ne uault un boutou
1408 1076 2837 1235 feroient estouruit tous les paiiens deiron
1398 1143 2593 1262 Oy que q ceste cose neurdies acoroi
1380 1196 2899 1343 Paitgr uous fault de chy et raler en prison
1389 1258 2657 1382 Tant que mray a ery dice mentesion
1394 1320 2779 1458 Eet qui seront arty de me cambre d non
1392 1400 2731 1508 Dame che dist coustans qui cuer ot de lon
1375 1449 2820 1577 Par che luy dicu de glore qui soufsry passion
1369 1504 2657 1628 Sestre deuoie mors aguise de gloutoit
1366 1563 2781 1692 Garaige encontre eux lestouretle tenchon
1380 1628 2777 1750 Quoy quil doie coester ien ueray acoron
1373 1688 2666 1805 Ou Ie moray auant agrant destrucnon
1369 1752 2558 1858 Gire dist le rroine a dieu uenacchon
1398 1819 2719 1918 Or nous ait Ihũs uon mestier en auons
1408 1885 2731 1971 sy rois sala michier uriesment aun coron
1415 1941 2965 2033 et le dame ouury linr̾e sentrerent eus lygloutor
1635 1994 2820 2086 out ly sarazin en le cambre panr
1537 2058 2855 2145 le Rome leur dist amoult hault a leuer
1343 2125 2901 2201 eigneur bien uenies uous en me cambre listee
1387 2175 2841 2263 uous sera buesmint maraisoipe monstrer
1389 2235 2862 2334 demoirs chy un pau sil uous cplestet agrae
1382 2300 2682 2387 e dout sest le roine, departie et seuera
1398 2359 2680 2442 le demerast Il lent pour der une caree
1352 2410 2678 2513 De be cambre sepirt sa le sale passee
1366 2472 2800 2580 les ly uous rois constans a le uracliequaree
1385 2525 2926 2661 eur est uenus deuant faisant chiere doubtee
1341 2592 2411 2693 maradot donae une celle colie
1371 2651 2726 2769 Rue ue teste by hors du uns deseuerce
1362 2714 2427 2822 Et be nerch eyle quarcail le
1369 2773 2761 2888 se gent fu ensormne par le salepame
1316 2815 2004 2925 Pres sude minuit
1362 2891 2853 3019 l cambre de clariti fu moult buien aliuine
2043 2849 2791 2966 chest uerite prouuer
1339 2948 2521 3072 a pruissies ueit une fiere mesler
1329 3003 2811 3155 marados estoit mors qui ame soitrainqmee
1320 3075 2676 3222 Et ly sel saraini d ont iefay demiee
