3104 4140
85 724 1668 837 nes quant cascuns diaux n orent uraie ꝯuoissanche
78 798 1405 862 due le hermiles nest point de leur ateuunche
96 825 1718 940 noult son esmeruilerent che scachies sans doubtanche
110 887 1410 995 dieiyo che dist hyons qui fu feris de lauclie
82 931 1495 1041 et dont so ges nous ne ne de quelle tenanche
73 975 1771 1106 ir qui nous engeura nequelle ne quelle est ly q samblanche
89 1035 1454 1159 fui ix mois nous porta q̃ fu no mere franche
92 1090 1251 1216 ouscle a dit bras iou ay bien esperauche
105 1138 1463 1267 reres semuir germant de Droite a partenanche
165 1186 1352 1317 clir uras qũe Iay chy me dõne cõmssancłir
101 1235 1580 1373 Due cheba de no mere qui tant fu belle et hlauche
98 1304 1445 1423 dour cħr er portiray pardroite acoustumanche
103 1350 1465 1483 ont partout aurnt moy ⁊ enquelle renauche
98 1409 1341 1540 dour sermuoir se iamais ueroie le sainblancle
103 1458 1410 1598 Ie ma tredouche mere du uir ay desiranche
101 1511 1440 1655 dont baisa le urat du point nauoit de mauche
94 1568 1438 1706 nes du pan d le robele deme doueranche
128 1628 1382 1766 stoit en uolepes par moult noble ordenanche
112 1646 1686 1826 niuir du chierf camageche seichies sous doubtaichi
172 1729 1334 1874 ot fait un cosin ly uuses saus targanche
105 1784 1247 1952 a ou le main estoit deut ie fay dei sauche
156 1938 204 2005 eu
241 1856 1426 1987 haint le pendoit nen faisoit oublianche
147 1897 1721 2053 le uausist pout perdre pour tout lauoirde franche
140 1989 1645 2113 oultestoit bral preudons tresque iauene estoit
131 2088 579 2178 Mii Iours en le
655 2053 1341 2141 pñ lyenfes sy iuuoit
103 2102 1387 2226 oult fu de poure uie ⁊ sobremol̃t uiuoit
108 2159 1451 2279 et lions sy sieulfreres uolentiers desuoit
96 2214 1461 2320 nes quil ne quuast spoint noient nyacoutoit
98 2256 1564 2392 Rael penanclie il Resist car iliũs moult lamoit
92 2313 1601 2461 nr espuies porgrent moult uolentierez passoit
96 2382 1288 2507 et par nuit adormir uue pierde mr tou
94 2442 1481 2569 et de dessus son chirf la endroit sen dormoit
94 2497 1479 2619 Nes bral ly damoisroux souffrir ne lespooit
110 2557 1470 2688 et pour le poure uiure dont lyenfes uiuon
96 2617 1555 2741 le ꝓoit point de parur scachies Par nuleudroit
110 2677 1642 2801 elasg Ensylurent xui aus tant qua Ilũs ꝑlaisoit
110 2755 1514 2863 Et ay beuois heruaes Par un iour les menoit
101 2824 1316 2916 dar dehors le fories ou un ꝙ laielauoit
105 2870 1364 2978 nen l prirs dele mes fu de laon le ueoit
103 2911 1523 3040 yprendous de bien olre les enfans apeloit
101 2983 1504 3116 et lour adit enfant par le diou ouon croit
