3104 4140
1352 972 1392 1044 ‸
1454 940 2724 1041 lande fu le uaptaille et fiere be mislie
1419 1005 2577 1090 Eet lu dime fu sur le mur aquenste
1300 1060 2542 1147 not sy belle pucelle de la le mer ueste
1311 1117 2524 1207 Mes auent se uiaulte tu se bonte par
1293 1166 2696 1258 Car bien crioit en dieutr le uuerge hõnera
1279 1221 2846 1317 Pme ly fist dieux tel qkasse chest uerite prouure
1359 1283 2625 1375 e de sen corpe isst uie ane porte
1300 1336 2751 1437 Fhe fu le corps saint brisse en fist lengeure
1371 1403 2671 1506 in par tamps auera le pucelle espousee
1387 1460 2742 1563 gsy que uousbres sil uoua ꝑlest et agree
1283 1531 2765 1621 Rande fu le uapcaille as sampa sur le qree
1279 1586 2797 1678 pãmane Ru for arnal sui le mulle auentrre
1327 1653 2609 1736 uestieni ua dõnant mainte grande colee
1339 1713 2549 1793 l nataint crestien dont nait le uierstee
1341 1766 2549 1862 nthoine le uon ron trouuaen le ualee
1461 1819 2505 1922 ep ly a dõni por dssus lesquince
1329 1879 2572 1975 Rue pries quil ne ly a une cuissecopee
1405 1927 2687 2035 angousse quil sent est queui en le pree
1352 1987 2641 2093 ris ꝑ fu et retenna ne pot auoucduree
1348 2046 2602 2148 ar il enfa mener en le uille brre loce
1352 2113 2275 2191 lu diam lu le iouuente lurre
1371 2166 2473 2251 t gamans ly pois descoche lonneret
1288 2219 2475 2304 pen fiert a le uataille acliiere deffaer
1295 2267 2643 2357 bercheuesqui de tours Sona telle hastreler
1309 2323 2616 2408 dent fault ne ly a le cheruelle espantree
1311 2375 2271 2463 aiterre la uatit de se selle dora
1375 2428 2581 2527 qu pris des paiena celle gent deffare
1281 2527 2595 2622 Quant brisse le perchut mie ne lyagree
1396 2654 2731 2737 Qeuant Il uit Retenir larcheuesque de tour
1550 2596 2892 2684 s fu moult dolain ⁊ plains d grant tristout
1281 2697 2676 2794 sout uroche le cheual se furt dedens lestour
1350 2762 2540 2849 Roy ui aprochier que tant ot de fieroir
1329 2817 2609 2907 el cop liy a dõnt de sen brant de coulour
1350 2879 2742 2973 ne le by col ly rencha du defroermisandor
1336 2946 2565 3035 t pme sest escries por me foy traitonl
1288 2996 2747 3100 Eu sement nen meres se Ie qus monseignoier
1293 3068 2715 3169 ar chenesque de touris qui pant a de ualoiirr
1364 3134 2880 3229 rois quiet iue a terre qui fu plains de tristoir
1260 3190 2873 3307 Et brisses le ẜ resiert qui estoit Io lans dardoir
