<?xml version="1.0" encoding="UTF-8"  standalone="yes"?>
<PcGts xmlns="http://schema.primaresearch.org/PAGE/gts/pagecontent/2019-07-15" xmlns:xsi="http://www.w3.org/2001/XMLSchema-instance" xsi:schemaLocation="http://schema.primaresearch.org/PAGE/gts/pagecontent/2019-07-15 http://schema.primaresearch.org/PAGE/gts/pagecontent/2019-07-15/pagecontent.xsd">
  <Metadata>
	<Creator>escriptorium</Creator>
	<Created>2025-10-15T20:24:35.543897+00:00</Created>
        <LastChange>2025-10-15T20:24:35.543920+00:00</LastChange>

  </Metadata>
  <Page imageFilename="620416201_MS0742_0766_0220A.jpg" imageWidth="3104" imageHeight="4140">

    
    <TextRegion id="eSc_textblock_f7361e57"  custom="structure {type:text;}">
      <Coords points="989,919 1092,1048 1329,1048 1375,1122 1348,1175 1274,1186 1256,1248 1210,1251 1237,1260 1210,1285 1274,1472 1237,1524 1320,1563 1277,1582 1348,1598 1219,1674 1173,1895 1219,2058 1155,2097 1127,2217 1157,2272 1329,2327 1302,2417 1247,2456 1247,2582 1210,2640 1302,2677 1302,2739 1249,2757 1210,2831 1028,2870 1191,2898 1164,3033 1247,3081 1265,3162 1191,3217 1037,3208 881,3309 752,3245 220,3236 220,2787 174,2693 184,2612 220,2610 218,2573 174,2573 202,2481 184,1692 211,938 989,919"/>
      
      
      <TextLine id="eSc_line_ecf94f81" custom="structure {type:default;}">
        <Coords points="812,922 809,922 807,922 759,938 743,942 727,938 701,929 699,929 697,929 694,929 671,938 651,945 566,936 503,929 499,931 476,931 473,931 464,936 437,949 223,936 225,993 225,1018 989,1000 989,977 984,940 918,938 901,922 899,922 897,922 895,922 892,922 858,938 853,940 851,938 814,922 812,922"/>
        <Baseline points="225,993 989,977"/>
        <TextEquiv conf="0.9883253389391405">
          <Unicode>A saint Ie hain qui sosaisoit</Unicode>
        </TextEquiv>
      </TextLine>

      
      
      <TextLine id="eSc_line_38f56a27" custom="structure {type:default;}">
        <Coords points="1053,1005 1049,998 904,988 901,988 899,988 897,988 883,1000 312,998 310,998 308,998 306,998 294,1005 296,1041 299,1078 370,1060 425,1074 441,1078 444,1078 446,1078 448,1078 464,1074 506,1058 536,1069 538,1069 540,1069 543,1069 600,1055 625,1067 630,1069 632,1069 635,1069 637,1069 639,1069 641,1067 658,1055 683,1064 706,1074 708,1074 710,1074 713,1074 734,1064 754,1053 773,1062 796,1071 798,1071 800,1074 858,1074 858,1071 860,1071 892,1058 908,1051 922,1058 938,1064 941,1064 943,1064 1058,1051 1058,1030 1053,1005 1053,1005"/>
        <Baseline points="296,1041 1058,1030"/>
        <TextEquiv conf="0.9727338297026498">
          <Unicode>saint quiere dist uous lares</Unicode>
        </TextEquiv>
      </TextLine>

      
      
      <TextLine id="eSc_line_8e663ae9" custom="structure {type:default;}">
        <Coords points="1247,1048 1224,1048 1201,1048 1178,1048 1155,1048 1132,1048 1106,1053 1092,1046 1086,1046 1081,1041 1081,1041 1079,1041 1076,1041 1074,1041 1072,1041 1051,1055 1049,1055 1035,1055 867,1044 865,1044 803,1058 773,1046 770,1046 768,1046 681,1058 664,1046 662,1046 660,1046 658,1046 655,1046 632,1058 494,1048 492,1048 490,1048 487,1048 487,1051 476,1062 377,1062 340,1048 338,1048 335,1048 333,1048 303,1060 306,1094 306,1117 552,1133 554,1133 628,1117 632,1117 637,1117 683,1131 685,1131 687,1131 782,1120 796,1129 798,1129 800,1129 803,1129 805,1129 807,1129 823,1117 826,1115 844,1117 904,1127 906,1127 908,1127 911,1127 911,1124 920,1117 924,1113 1046,1113 1056,1117 1069,1127 1072,1127 1074,1127 1076,1127 1079,1127 1102,1117 1115,1110 1306,1115 1311,1085 1306,1053 1254,1048 1247,1048"/>
        <Baseline points="306,1094 1311,1085"/>
        <TextEquiv conf="0.96708759394559">
          <Unicode>lain de pt paline et le pporteres</Unicode>
        </TextEquiv>
      </TextLine>

      
      
      <TextLine id="eSc_line_0f2a9b54" custom="structure {type:default;}">
        <Coords points="269,1152 269,1179 324,1177 331,1179 347,1191 349,1191 352,1191 354,1191 356,1191 358,1191 379,1179 381,1177 388,1177 430,1189 432,1189 434,1189 437,1189 439,1189 457,1177 492,1189 494,1189 497,1189 499,1189 501,1189 520,1175 522,1175 552,1189 554,1189 556,1189 559,1189 586,1175 591,1173 602,1175 664,1186 667,1186 747,1175 853,1184 855,1184 1010,1166 1023,1166 1033,1166 1171,1179 1173,1179 1175,1179 1205,1166 1274,1177 1277,1177 1350,1159 1350,1138 1343,1097 977,1113 881,1101 872,1101 869,1101 867,1101 865,1101 865,1104 851,1115 814,1104 812,1104 809,1104 713,1117 623,1106 621,1106 618,1106 563,1120 515,1108 513,1108 510,1108 377,1122 266,1110 269,1152"/>
        <Baseline points="269,1152 740,1156 1350,1138"/>
        <TextEquiv conf="0.9605933355318533">
          <Unicode>leui chieier d ues le cleu porl ⁊tenr</Unicode>
        </TextEquiv>
      </TextLine>

      
      
      <TextLine id="eSc_line_6bd87b72" custom="structure {type:default;}">
        <Coords points="241,1205 241,1232 289,1242 292,1242 294,1242 296,1242 308,1232 319,1225 388,1225 427,1232 490,1242 492,1242 595,1230 630,1225 637,1228 653,1242 655,1242 658,1242 660,1242 662,1242 664,1242 681,1228 685,1225 699,1228 740,1237 743,1237 745,1237 770,1228 777,1225 782,1228 819,1242 821,1242 823,1244 945,1244 945,1242 947,1242 950,1242 961,1230 994,1242 996,1242 998,1242 1000,1242 1067,1223 1067,1205 1065,1166 301,1173 241,1161 241,1205"/>
        <Baseline points="241,1205 1067,1205"/>
        <TextEquiv conf="0.9850666567131325">
          <Unicode>faint pierte le Rant uailla</Unicode>
        </TextEquiv>
      </TextLine>

      
      
      <TextLine id="eSc_line_ed196768" custom="structure {type:default;}">
        <Coords points="234,1260 234,1276 370,1294 372,1294 432,1281 450,1278 490,1278 497,1283 508,1292 508,1294 510,1294 513,1294 515,1294 593,1285 628,1281 674,1288 704,1290 706,1290 708,1290 710,1290 713,1288 729,1278 754,1288 761,1290 763,1290 766,1290 768,1290 775,1288 807,1278 821,1290 823,1292 826,1292 828,1292 830,1292 874,1290 1017,1283 1104,1294 1106,1260 1106,1228 234,1223 234,1260"/>
        <Baseline points="234,1260 1106,1260"/>
        <TextEquiv conf="0.9885295171004075">
          <Unicode>Peuant le biere ⁊ le parta</Unicode>
        </TextEquiv>
      </TextLine>

      
      
      <TextLine id="eSc_line_2ac637cd" custom="structure {type:default;}">
        <Coords points="236,1324 308,1338 310,1338 434,1331 469,1329 899,1340 904,1313 899,1267 577,1278 563,1267 563,1265 561,1265 559,1265 556,1265 554,1265 370,1276 303,1265 301,1265 299,1265 296,1265 280,1276 241,1262 239,1308 236,1324"/>
        <Baseline points="239,1308 904,1313"/>
        <TextEquiv conf="0.9863583879037336">
          <Unicode> dout les se lons quie</Unicode>
        </TextEquiv>
      </TextLine>

      
      
      <TextLine id="eSc_line_c20260b9" custom="structure {type:default;}">
        <Coords points="294,1373 294,1398 1155,1384 1157,1357 1150,1308 1028,1324 922,1311 908,1311 906,1311 897,1313 828,1329 789,1315 786,1315 784,1315 782,1315 780,1315 757,1334 660,1334 292,1324 294,1373"/>
        <Baseline points="294,1373 1157,1357"/>
        <TextEquiv conf="0.9723941215447017">
          <Unicode>escrierent amoult hault cruz</Unicode>
        </TextEquiv>
      </TextLine>

      
      
      <TextLine id="eSc_line_ae09a41d" custom="structure {type:default;}">
        <Coords points="230,1428 230,1455 285,1446 315,1453 338,1460 340,1460 342,1460 345,1460 361,1453 381,1444 423,1451 464,1458 467,1458 469,1458 503,1449 529,1442 549,1446 575,1455 577,1455 579,1455 782,1442 823,1451 826,1451 828,1451 918,1437 947,1432 971,1435 1042,1446 1044,1446 1189,1428 1191,1409 1187,1377 1063,1366 1060,1366 943,1380 915,1382 876,1380 727,1373 724,1373 722,1373 720,1373 704,1384 699,1386 667,1384 582,1375 579,1375 577,1375 575,1375 575,1377 566,1384 561,1389 536,1386 476,1377 473,1377 471,1377 448,1386 437,1391 427,1386 409,1380 407,1380 404,1380 402,1380 400,1380 388,1386 381,1391 227,1391 230,1428"/>
        <Baseline points="230,1428 1191,1409"/>
        <TextEquiv conf="0.9985203742980957">
          <Unicode>Eui a le biere fort tenount</Unicode>
        </TextEquiv>
      </TextLine>

      
      
      <TextLine id="eSc_line_60f47405" custom="structure {type:default;}">
        <Coords points="225,1478 225,1497 368,1497 388,1513 388,1515 391,1515 393,1515 395,1517 437,1517 437,1515 439,1515 476,1497 595,1513 598,1513 600,1513 635,1497 826,1504 828,1504 830,1504 832,1504 849,1492 860,1501 860,1504 862,1504 865,1504 867,1504 869,1504 872,1504 885,1494 971,1506 973,1506 1086,1488 1109,1485 1221,1485 1224,1460 1217,1419 223,1437 225,1478"/>
        <Baseline points="225,1478 1224,1460"/>
        <TextEquiv conf="0.9832637540755733">
          <Unicode>Et a saint pierze lors disoient</Unicode>
        </TextEquiv>
      </TextLine>

      
      
      <TextLine id="eSc_line_20f1d40e" custom="structure {type:default;}">
        <Coords points="230,1531 230,1559 513,1550 584,1554 687,1563 690,1563 757,1552 775,1550 780,1552 791,1561 793,1561 796,1561 798,1563 947,1563 947,1561 950,1561 952,1561 964,1550 968,1547 1205,1547 1208,1520 1201,1485 816,1497 770,1485 763,1483 761,1483 759,1483 757,1483 752,1485 717,1501 471,1501 450,1488 448,1488 446,1488 444,1488 441,1488 414,1499 400,1488 398,1488 395,1488 393,1488 391,1488 356,1497 340,1485 338,1485 335,1485 227,1485 230,1531"/>
        <Baseline points="230,1531 966,1531 1208,1520"/>
        <TextEquiv conf="0.991234107264157">
          <Unicode>a pierre car ous uieng aidier</Unicode>
        </TextEquiv>
      </TextLine>

      
      
      <TextLine id="eSc_line_ba54c3fb" custom="structure {type:default;}">
        <Coords points="232,1580 232,1623 329,1621 331,1621 333,1621 349,1607 381,1621 391,1623 393,1623 395,1626 476,1626 476,1623 478,1623 499,1616 543,1605 648,1614 740,1621 743,1621 745,1621 770,1609 786,1605 849,1609 975,1616 977,1616 980,1616 982,1616 998,1605 1003,1600 1208,1598 1208,1580 1205,1550 1157,1536 1155,1536 1152,1536 1150,1536 1113,1547 1111,1547 984,1538 982,1538 980,1538 977,1538 977,1540 968,1547 966,1550 883,1547 743,1540 740,1540 738,1540 736,1540 729,1545 717,1552 692,1545 676,1540 674,1540 671,1540 669,1540 667,1540 662,1545 653,1554 524,1554 510,1543 506,1540 503,1540 501,1540 499,1540 497,1540 487,1543 462,1554 230,1543 232,1580"/>
        <Baseline points="232,1580 404,1589 1208,1580"/>
        <TextEquiv conf="0.997884742418925">
          <Unicode>Pierres leur dist sans detrier</Unicode>
        </TextEquiv>
      </TextLine>

      
      
      <TextLine id="eSc_line_f575ec53" custom="structure {type:default;}">
        <Coords points="536,1589 533,1589 485,1605 306,1605 230,1586 230,1635 227,1651 356,1665 358,1667 655,1667 655,1665 658,1665 660,1665 674,1653 690,1667 692,1667 694,1667 697,1667 754,1655 796,1667 798,1667 800,1667 918,1655 1125,1667 1127,1667 1129,1667 1157,1653 1159,1639 1155,1593 1040,1605 915,1591 911,1591 908,1591 906,1591 837,1605 803,1591 800,1591 798,1591 796,1591 793,1591 793,1593 784,1600 775,1593 773,1593 770,1593 768,1593 694,1605 538,1589 536,1589"/>
        <Baseline points="230,1635 1159,1639"/>
        <TextEquiv conf="0.9780944850709703">
          <Unicode>Cortes aidier ne uous poron</Unicode>
        </TextEquiv>
      </TextLine>

      
      
      <TextLine id="eSc_line_e3bf09e1" custom="structure {type:default;}">
        <Coords points="1203,1644 1203,1667 1256,1681 1258,1644 1256,1612 1203,1612 1203,1644"/>
        <Baseline points="1203,1644 1258,1644"/>
        <TextEquiv conf="0.7102441489696503">
          <Unicode>.1</Unicode>
        </TextEquiv>
      </TextLine>

      
      
      <TextLine id="eSc_line_d66d3459" custom="structure {type:default;}">
        <Coords points="1007,1639 984,1639 961,1639 938,1639 918,1639 885,1646 865,1651 844,1646 805,1639 800,1639 777,1639 763,1639 736,1649 717,1653 669,1649 621,1644 618,1644 582,1649 538,1655 508,1649 467,1642 464,1642 462,1642 460,1642 450,1651 446,1653 434,1651 400,1642 398,1642 395,1642 393,1642 391,1642 391,1644 381,1651 372,1658 342,1651 299,1642 296,1642 202,1651 204,1688 204,1711 1104,1695 1104,1676 1099,1646 1026,1639 1007,1639"/>
        <Baseline points="204,1688 1104,1676"/>
        <TextEquiv conf="0.9963173728722793">
          <Unicode>Se toute mentente y metoit</Unicode>
        </TextEquiv>
      </TextLine>

      
      
      <TextLine id="eSc_line_d4da8d51" custom="structure {type:default;}">
        <Coords points="225,1738 225,1752 243,1757 246,1738 243,1697 225,1699 225,1738"/>
        <Baseline points="225,1738 246,1738"/>
        <TextEquiv conf="0.9991794228553772">
          <Unicode>5</Unicode>
        </TextEquiv>
      </TextLine>

      
      
      <TextLine id="eSc_line_b56614e3" custom="structure {type:default;}">
        <Coords points="331,1734 331,1754 1021,1754 1021,1734 1021,1701 331,1695 331,1734"/>
        <Baseline points="331,1734 1021,1734"/>
        <TextEquiv conf="0.9904206281616574">
          <Unicode>uoua ne criet en cely</Unicode>
        </TextEquiv>
      </TextLine>

      
      
      <TextLine id="eSc_line_ad269b66" custom="structure {type:default;}">
        <Coords points="1191,1770 1187,1736 1171,1724 1168,1724 1166,1724 1164,1724 1161,1724 1099,1741 1040,1722 1037,1722 1035,1722 1033,1722 1007,1731 1007,1736 1000,1736 987,1743 980,1745 975,1743 957,1736 938,1736 922,1736 906,1741 869,1752 821,1741 814,1738 812,1738 809,1738 807,1738 805,1738 773,1750 738,1738 736,1738 734,1738 731,1738 729,1738 704,1754 559,1741 556,1741 554,1741 520,1757 391,1738 388,1738 386,1738 384,1738 365,1752 345,1736 340,1736 335,1727 335,1727 335,1724 333,1724 333,1724 331,1724 329,1724 225,1724 227,1787 227,1805 303,1805 306,1805 319,1819 322,1819 324,1819 326,1819 329,1819 384,1805 388,1803 395,1803 439,1816 441,1816 444,1816 556,1803 826,1810 828,1810 830,1810 832,1810 832,1807 844,1798 1033,1810 1035,1810 1037,1810 1072,1793 1074,1793 1079,1793 1141,1807 1143,1807 1145,1807 1201,1791 1201,1773 1198,1759 1191,1770"/>
        <Baseline points="227,1787 1201,1773"/>
        <TextEquiv conf="0.9622575352931845">
          <Unicode>Quipour nous en le croirpendy</Unicode>
        </TextEquiv>
      </TextLine>

      
      
      <TextLine id="eSc_line_a7fc084f" custom="structure {type:default;}">
        <Coords points="294,1837 294,1858 697,1874 699,1874 800,1872 803,1872 839,1856 920,1872 922,1874 1074,1874 1074,1872 1076,1872 1109,1853 1109,1833 1104,1796 954,1789 952,1789 913,1798 895,1800 872,1798 803,1789 800,1789 747,1800 743,1800 729,1789 727,1789 724,1789 722,1789 513,1803 503,1803 485,1791 483,1791 480,1791 478,1791 425,1803 388,1791 386,1791 384,1791 292,1805 294,1837"/>
        <Baseline points="294,1837 1109,1833"/>
        <TextEquiv conf="0.9952465724945069">
          <Unicode>ne uous fresistes lapiler</Unicode>
        </TextEquiv>
      </TextLine>

      
      
      <TextLine id="eSc_line_d91cce9b" custom="structure {type:default;}">
        <Coords points="227,1888 225,1911 1081,1918 1086,1897 1083,1865 945,1849 943,1849 941,1849 915,1858 906,1862 897,1858 872,1846 869,1846 867,1846 865,1846 842,1856 832,1860 331,1858 227,1839 227,1888"/>
        <Baseline points="227,1888 1086,1897"/>
        <TextEquiv conf="0.977467323342959">
          <Unicode>Sy acort a le mortliirer</Unicode>
        </TextEquiv>
      </TextLine>

      
      
      <TextLine id="eSc_line_47233afb" custom="structure {type:default;}">
        <Coords points="253,1943 250,1964 1030,1964 1033,1938 1026,1904 253,1908 253,1943"/>
        <Baseline points="253,1943 752,1950 1033,1938"/>
        <TextEquiv conf="0.9793842545262089">
          <Unicode>lun del quis̾ a dit Ie croy</Unicode>
        </TextEquiv>
      </TextLine>

      
      
      <TextLine id="eSc_line_02bf7255" custom="structure {type:default;}">
        <Coords points="260,1998 262,2037 317,2021 490,2030 577,2035 579,2035 582,2035 600,2028 618,2019 630,2026 639,2033 641,2033 644,2033 646,2033 685,2023 710,2019 722,2023 747,2033 750,2033 752,2035 860,2035 860,2033 862,2033 906,2017 906,1994 901,1961 257,1957 260,1998"/>
        <Baseline points="260,1998 906,1994"/>
        <TextEquiv conf="0.9404261584083239">
          <Unicode>ors atrre son brach ason</Unicode>
        </TextEquiv>
      </TextLine>

      
      
      <TextLine id="eSc_line_2f7f8edb" custom="structure {type:default;}">
        <Coords points="227,2044 230,2083 283,2070 306,2081 308,2081 310,2081 312,2081 338,2070 471,2079 520,2081 522,2081 547,2076 609,2065 727,2072 858,2081 860,2081 862,2081 911,2067 913,2067 915,2067 927,2079 927,2081 929,2081 931,2081 934,2081 936,2081 975,2067 989,2063 1194,2063 1196,2033 1194,1994 947,1994 945,1994 943,1994 941,1994 938,1996 918,2012 904,2000 904,1998 901,1998 899,1998 897,1998 895,1998 858,2014 704,2003 701,2003 699,2003 697,2003 681,2014 623,2003 621,2003 618,2003 584,2014 225,2010 227,2044"/>
        <Baseline points="227,2044 844,2051 1106,2030 1196,2033"/>
        <TextEquiv conf="0.9622692696509823">
          <Unicode>que ses pres ne se poit srechir</Unicode>
        </TextEquiv>
      </TextLine>

      
      
      <TextLine id="eSc_line_d3c1603c" custom="structure {type:default;}">
        <Coords points="227,2113 227,2129 423,2141 425,2141 660,2122 717,2134 720,2134 812,2122 920,2129 922,2129 924,2129 927,2129 945,2118 1021,2127 1023,2127 1127,2109 1127,2093 1120,2053 225,2072 227,2113"/>
        <Baseline points="227,2113 1127,2093"/>
        <TextEquiv conf="0.9600045084953308">
          <Unicode>ace ln Rommer ne bougger</Unicode>
        </TextEquiv>
      </TextLine>

      
      
      <TextLine id="eSc_line_b94707a2" custom="structure {type:default;}">
        <Coords points="209,2171 211,2203 236,2191 296,2201 326,2205 329,2205 331,2205 333,2205 338,2201 349,2191 379,2198 418,2208 421,2208 526,2196 566,2191 582,2194 623,2203 625,2203 628,2203 664,2191 685,2187 706,2191 766,2203 768,2203 770,2203 773,2203 789,2189 793,2187 807,2189 883,2198 885,2198 888,2198 938,2185 943,2185 945,2185 975,2201 977,2201 980,2203 1088,2203 1088,2201 1090,2201 1132,2180 1132,2162 1122,2109 1058,2127 980,2111 975,2111 973,2111 968,2111 874,2132 823,2132 798,2113 796,2113 793,2113 747,2113 745,2113 743,2113 740,2113 738,2116 720,2129 655,2118 641,2116 639,2116 637,2116 632,2118 600,2134 421,2134 407,2122 402,2120 402,2118 400,2118 398,2118 395,2118 393,2118 372,2122 335,2132 319,2125 306,2118 303,2118 301,2118 207,2125 209,2171"/>
        <Baseline points="209,2171 1132,2162"/>
        <TextEquiv conf="0.977953328536107">
          <Unicode>Gail pierres M a dit ainsy</Unicode>
        </TextEquiv>
      </TextLine>

      
      
      <TextLine id="eSc_line_e2ba21dd" custom="structure {type:default;}">
        <Coords points="216,2224 213,2240 1005,2256 1010,2228 1007,2194 876,2194 874,2191 851,2180 849,2180 846,2180 844,2180 842,2180 826,2191 823,2194 623,2194 618,2191 598,2178 595,2178 593,2178 591,2178 520,2189 517,2189 515,2189 400,2178 398,2178 216,2187 216,2224"/>
        <Baseline points="216,2224 1010,2228"/>
        <TextEquiv conf="0.996096134185791">
          <Unicode>Se tu kois uieu mes gari</Unicode>
        </TextEquiv>
      </TextLine>

      
      
      <TextLine id="eSc_line_51f4fe4c" custom="structure {type:default;}">
        <Coords points="289,2226 266,2226 243,2226 246,2270 246,2286 299,2288 301,2267 296,2226 289,2226"/>
        <Baseline points="246,2270 301,2267"/>
        <TextEquiv conf="0.9949607253074646">
          <Unicode>si</Unicode>
        </TextEquiv>
      </TextLine>

      
      
      <TextLine id="eSc_line_bac3f017" custom="structure {type:default;}">
        <Coords points="409,2226 386,2226 363,2226 340,2226 338,2267 335,2283 407,2295 411,2272 411,2226 409,2226"/>
        <Baseline points="338,2267 411,2272"/>
        <TextEquiv conf="0.8409080108006796">
          <Unicode>.4.</Unicode>
        </TextEquiv>
      </TextLine>

      
      
      <TextLine id="eSc_line_10f0546c" custom="structure {type:default;}">
        <Coords points="446,2274 444,2295 540,2311 543,2311 791,2306 821,2318 823,2318 826,2318 1012,2309 1014,2288 1014,2244 446,2228 446,2274"/>
        <Baseline points="446,2274 1014,2288"/>
        <TextEquiv conf="0.9676865302026272">
          <Unicode>ins a dit ie Roy</Unicode>
        </TextEquiv>
      </TextLine>

      
      
      <TextLine id="eSc_line_98239a13" custom="structure {type:default;}">
        <Coords points="1286,2313 1263,2306 1242,2297 1196,2293 1194,2293 1191,2293 1155,2302 1134,2306 1111,2302 1076,2290 1074,2290 1072,2290 1069,2290 1067,2290 1056,2300 1051,2304 1042,2300 1026,2293 1023,2293 1021,2293 1019,2293 1017,2293 1010,2297 1000,2304 950,2297 918,2293 915,2293 913,2293 904,2295 890,2302 881,2295 874,2290 872,2290 869,2290 867,2290 842,2295 803,2302 789,2293 780,2286 777,2286 775,2286 773,2286 770,2286 768,2286 761,2293 752,2300 503,2300 485,2286 483,2283 480,2283 478,2283 250,2281 250,2329 248,2346 391,2369 393,2369 531,2357 595,2352 605,2359 623,2375 623,2378 625,2378 628,2378 630,2378 632,2378 635,2378 653,2362 664,2355 722,2364 740,2366 743,2366 745,2366 747,2366 763,2357 782,2366 803,2375 805,2375 807,2375 906,2371 929,2371 934,2373 947,2382 950,2382 952,2382 954,2385 1046,2385 1046,2382 1049,2382 1060,2378 1092,2359 1120,2380 1127,2385 1129,2385 1132,2385 1134,2387 1300,2387 1302,2343 1302,2318 1286,2313"/>
        <Baseline points="250,2329 1302,2343"/>
        <TextEquiv conf="0.971475230420337">
          <Unicode>Di q dieu qui el le souuerant floy</Unicode>
        </TextEquiv>
      </TextLine>

      
      
      <TextLine id="eSc_line_21e1f80b" custom="structure {type:default;}">
        <Coords points="241,2380 239,2410 398,2405 414,2415 423,2421 425,2421 427,2421 430,2421 483,2415 533,2408 554,2415 586,2426 589,2426 591,2426 593,2426 621,2415 632,2410 637,2415 644,2421 644,2424 646,2424 648,2424 651,2424 777,2419 837,2433 839,2433 842,2435 934,2435 934,2433 936,2433 938,2433 938,2431 950,2421 991,2433 994,2433 996,2433 998,2433 1028,2417 1030,2398 1028,2366 931,2352 929,2352 761,2352 575,2355 547,2343 533,2339 531,2339 529,2339 483,2341 356,2350 329,2334 326,2334 324,2334 241,2332 241,2380"/>
        <Baseline points="241,2380 1030,2398"/>
        <TextEquiv conf="0.9673258066177368">
          <Unicode>A donquee ot le corps gary</Unicode>
        </TextEquiv>
      </TextLine>

      
      
      <TextLine id="eSc_line_b981062f" custom="structure {type:default;}">
        <Coords points="246,2484 243,2500 335,2516 338,2516 450,2509 460,2509 462,2509 487,2523 490,2523 492,2523 563,2513 566,2513 605,2527 607,2527 609,2527 676,2518 690,2530 692,2530 694,2530 697,2532 1040,2532 1042,2509 1042,2477 246,2440 246,2484"/>
        <Baseline points="246,2484 1042,2509"/>
        <TextEquiv conf="0.9941167558232943">
          <Unicode>Deuant le uiere le porta</Unicode>
        </TextEquiv>
      </TextLine>

      
      
      <TextLine id="eSc_line_f3e0f5c2" custom="structure {type:default;}">
        <Coords points="250,2539 248,2571 867,2578 881,2592 883,2592 885,2592 888,2592 904,2592 1000,2585 1102,2596 1106,2559 1104,2511 1028,2523 895,2520 881,2507 878,2507 876,2507 874,2507 727,2516 538,2497 536,2497 533,2497 455,2509 342,2493 340,2493 338,2493 315,2504 250,2490 250,2539"/>
        <Baseline points="250,2539 678,2557 1106,2559"/>
        <TextEquiv conf="0.9684442835194724">
          <Unicode>A maint quis uaifier fait la</Unicode>
        </TextEquiv>
      </TextLine>

      
      
      <TextLine id="eSc_line_b1a530cf" custom="structure {type:default;}">
        <Coords points="418,2596 416,2622 462,2622 469,2626 480,2635 483,2635 485,2635 487,2635 490,2635 510,2626 515,2624 520,2626 531,2635 533,2635 536,2635 538,2638 538,2635 540,2635 543,2635 554,2626 559,2624 572,2628 623,2642 625,2642 628,2642 630,2642 662,2628 676,2642 678,2642 681,2642 683,2642 1097,2635 1099,2608 1095,2576 418,2559 418,2596"/>
        <Baseline points="418,2596 734,2612 1099,2608"/>
        <TextEquiv conf="0.9969239416329757">
          <Unicode>diqne apostele screteux</Unicode>
        </TextEquiv>
      </TextLine>

      
      
      <TextLine id="eSc_line_04aad4fe" custom="structure {type:default;}">
        <Coords points="957,2610 945,2615 913,2626 687,2626 667,2610 664,2610 662,2610 660,2610 658,2610 655,2610 655,2612 641,2626 600,2626 531,2605 524,2603 517,2603 506,2601 503,2603 483,2615 450,2603 444,2601 441,2601 439,2601 437,2601 434,2601 434,2603 423,2612 407,2601 404,2601 402,2601 312,2601 312,2647 310,2674 354,2688 356,2688 358,2688 499,2677 513,2677 517,2677 563,2693 566,2693 568,2693 570,2693 572,2693 589,2681 612,2693 614,2693 616,2693 1155,2681 1157,2651 1150,2619 984,2619 980,2615 973,2610 957,2610"/>
        <Baseline points="312,2647 678,2663 1157,2651"/>
        <TextEquiv conf="0.9755888205987436">
          <Unicode>Ongerepoissans et uertiteux</Unicode>
        </TextEquiv>
      </TextLine>

      
      
      <TextLine id="eSc_line_ac24b322" custom="structure {type:default;}">
        <Coords points="218,2704 218,2730 851,2746 853,2746 855,2746 869,2739 892,2730 906,2741 913,2746 915,2746 918,2746 920,2746 922,2746 934,2741 952,2734 1005,2741 1037,2746 1040,2746 1042,2746 1051,2743 1086,2730 1102,2743 1104,2746 1106,2746 1109,2746 1111,2748 1159,2748 1159,2746 1171,2743 1237,2730 1263,2746 1272,2709 1267,2681 1208,2681 1205,2679 1187,2665 1184,2665 1182,2665 1180,2665 1067,2679 1051,2679 1044,2677 1010,2665 1007,2665 1005,2665 1003,2665 961,2677 950,2679 216,2670 218,2704"/>
        <Baseline points="218,2704 653,2720 1272,2709"/>
        <TextEquiv conf="0.9806966973889258">
          <Unicode>Gans ris sain solas ⁊ sant ioie</Unicode>
        </TextEquiv>
      </TextLine>

      
      
      <TextLine id="eSc_line_4a4a3a22" custom="structure {type:default;}">
        <Coords points="241,2757 239,2787 324,2783 375,2789 414,2796 416,2796 418,2796 421,2796 421,2794 425,2789 434,2783 476,2783 520,2789 559,2796 561,2796 595,2789 612,2787 625,2789 660,2799 662,2799 1060,2803 1063,2803 1065,2803 1095,2789 1212,2789 1214,2764 1212,2737 1168,2725 1166,2725 1164,2725 1161,2725 1159,2725 1143,2734 1138,2739 996,2739 989,2732 973,2720 971,2720 968,2720 881,2720 878,2720 876,2720 874,2720 860,2732 855,2734 241,2725 241,2757"/>
        <Baseline points="241,2757 786,2771 1214,2764"/>
        <TextEquiv conf="0.988515331827361">
          <Unicode>En porterent le uiers bergume</Unicode>
        </TextEquiv>
      </TextLine>

      
      
      <TextLine id="eSc_line_eeae852e" custom="structure {type:default;}">
        <Coords points="250,2810 248,2826 280,2840 283,2840 285,2840 388,2831 506,2845 508,2845 612,2833 623,2833 639,2835 750,2849 752,2849 754,2849 789,2838 793,2838 800,2838 874,2852 876,2852 998,2842 1000,2824 996,2778 876,2787 844,2776 842,2776 839,2776 837,2776 752,2785 250,2769 250,2810"/>
        <Baseline points="250,2810 1000,2824"/>
        <TextEquiv conf="0.9605750242869059">
          <Unicode>Bien aindorent eni la Rouie</Unicode>
        </TextEquiv>
      </TextLine>

      
      
      <TextLine id="eSc_line_8b42b912" custom="structure {type:default;}">
        <Coords points="250,2865 248,2886 982,2900 987,2875 984,2840 727,2826 724,2826 658,2835 646,2835 644,2835 621,2824 618,2824 616,2824 250,2829 250,2865"/>
        <Baseline points="250,2865 987,2875"/>
        <TextEquiv conf="0.9498972147703171">
          <Unicode>ere aslm le sauueoer</Unicode>
        </TextEquiv>
      </TextLine>

      
      
      <TextLine id="eSc_line_9b3baf65" custom="structure {type:default;}">
        <Coords points="301,2914 301,2939 704,2948 706,2948 805,2934 814,2934 821,2934 890,2948 892,2948 895,2948 897,2948 897,2946 911,2934 968,2934 968,2914 968,2881 301,2877 301,2914"/>
        <Baseline points="301,2914 968,2914"/>
        <TextEquiv conf="0.9896657126290458">
          <Unicode>aut exploiterent leur</Unicode>
        </TextEquiv>
      </TextLine>

      
      
      <TextLine id="eSc_line_c979ff4d" custom="structure {type:default;}">
        <Coords points="299,2955 299,2983 485,2996 487,2996 561,2983 885,2992 888,2992 1145,2987 1148,2987 1150,2987 1166,2976 1166,2955 1161,2925 296,2923 299,2955"/>
        <Baseline points="299,2955 471,2966 1166,2955"/>
        <TextEquiv conf="0.9942036826035072">
          <Unicode>⁊ind̾ sont uouu ismel le pair</Unicode>
        </TextEquiv>
      </TextLine>

      
      
      <TextLine id="eSc_line_01b00a0b" custom="structure {type:default;}">
        <Coords points="257,3029 492,3045 494,3045 497,3045 524,3033 540,3047 540,3049 543,3049 545,3049 547,3049 660,3040 690,3052 692,3052 694,3054 874,3054 874,3052 876,3052 899,3040 934,3052 936,3052 938,3052 941,3052 943,3052 943,3049 959,3035 961,3035 1000,3035 1005,3012 1003,2978 278,2978 264,2964 260,3008 257,3029"/>
        <Baseline points="260,3008 1005,3012"/>
        <TextEquiv conf="0.9898680552192356">
          <Unicode>Oroit ou ualde Iozaphas</Unicode>
        </TextEquiv>
      </TextLine>

      
      
      <TextLine id="eSc_line_d3a5340a" custom="structure {type:default;}">
        <Coords points="278,3068 276,3086 296,3098 299,3098 301,3098 1007,3086 1010,3070 1007,3038 278,3035 278,3068"/>
        <Baseline points="278,3068 1010,3070"/>
        <TextEquiv conf="0.9706188575787977">
          <Unicode>sa le cinerent enterer</Unicode>
        </TextEquiv>
      </TextLine>

      
      
      <TextLine id="eSc_line_d3213d1f" custom="structure {type:default;}">
        <Coords points="253,3116 253,3137 957,3134 957,3107 950,3079 250,3081 253,3116"/>
        <Baseline points="253,3116 579,3123 957,3107"/>
        <TextEquiv conf="0.985487489323867">
          <Unicode>dout prnirent eiega</Unicode>
        </TextEquiv>
      </TextLine>

      
      
      <TextLine id="eSc_line_1d9d262f" custom="structure {type:default;}">
        <Coords points="227,3164 234,3279 266,3277 260,3162 253,3125 223,3130 227,3164"/>
        <Baseline points="227,3164 260,3162"/>
        <TextEquiv conf="0.9953072667121887">
          <Unicode>d</Unicode>
        </TextEquiv>
      </TextLine>

      
      
      <TextLine id="eSc_line_94ce0d7c" custom="structure {type:default;}">
        <Coords points="1242,3098 1221,3084 1219,3084 1217,3084 1214,3084 1212,3084 1171,3102 1136,3086 1134,3086 1132,3086 1000,3088 968,3091 966,3091 964,3091 954,3109 941,3109 934,3116 929,3118 906,3116 849,3111 839,3114 821,3114 814,3121 807,3125 529,3130 520,3127 506,3123 494,3123 471,3123 467,3121 450,3130 448,3130 446,3130 402,3121 400,3121 310,3132 312,3160 319,3194 329,3180 425,3180 446,3192 453,3194 455,3194 457,3194 568,3187 591,3187 616,3201 635,3201 639,3201 660,3185 662,3185 676,3185 734,3187 736,3187 738,3187 740,3187 740,3185 745,3183 757,3171 780,3183 798,3190 800,3190 803,3190 805,3190 807,3190 821,3180 830,3176 846,3180 878,3190 881,3190 883,3190 885,3190 911,3178 941,3167 973,3178 984,3180 987,3180 989,3180 991,3180 1000,3176 1014,3169 1021,3176 1042,3192 1044,3192 1046,3192 1049,3192 1051,3192 1053,3192 1053,3190 1056,3190 1060,3183 1079,3196 1081,3196 1083,3196 1086,3196 1175,3194 1178,3194 1251,3169 1251,3139 1249,3116 1242,3098"/>
        <Baseline points="312,3160 681,3162 1251,3139"/>
        <TextEquiv conf="0.9663074829361655">
          <Unicode>⁊ant lers saint chimmãs cͬhoissy</Unicode>
        </TextEquiv>
      </TextLine>

      
      
      <TextLine id="eSc_line_07b6be3e" custom="structure {type:default;}">
        <Coords points="289,3199 287,3242 363,3236 391,3247 400,3252 402,3252 404,3252 407,3252 421,3247 485,3231 687,3231 740,3254 780,3270 782,3270 784,3272 927,3272 927,3270 929,3270 931,3270 931,3268 945,3256 957,3247 998,3256 1003,3196 996,3164 289,3164 289,3199"/>
        <Baseline points="289,3199 812,3208 1003,3196"/>
        <TextEquiv conf="0.9625750780105591">
          <Unicode>am die nuie descendy</Unicode>
        </TextEquiv>
      </TextLine>

      
    </TextRegion>
    
    <TextRegion id="eSc_textblock_0020b666"  custom="structure {type:text;}">
      <Coords points="1254,2042 1283,2051 1283,2058 1240,2058 1254,2042"/>
      
    </TextRegion>
    
    <TextRegion id="eSc_textblock_920c9ef0"  custom="structure {type:text;}">
      <Coords points="1272,1996 1283,1996 1283,2012 1267,2012 1272,1996"/>
      
    </TextRegion>
    
    <TextRegion id="eSc_textblock_b619892f"  custom="structure {type:text;}">
      <Coords points="1502,855 1633,864 1652,926 1596,1000 1479,963 1470,883 1502,855"/>
      
    </TextRegion>
    

    
  </Page>
</PcGts>
