3104 4140
124 687 1672 784 Pue uolentiers aroient dedeus un fu pete
140 761 1267 848 le roine uo faine ⁊ che qua deliure
140 818 1405 899 liusn le uous a fie par che brirf sairle
142 864 1447 938 Et quant heuris lentout sy a dieu recbome
1753 841 1875 952 7C6
161 915 1491 1007 et dist biaus sires dieux que me fisstelue
154 972 1631 1069 Rur uaus au Ie meffait pour quoy auaues eulie
147 1037 1714 1120 Quas souffert qque tel cose puis auoir engeure
151 1085 1543 1173 a est le dame elame sy plaine de biante
165 1136 1619 1242 i suy hiaixs hons ousy et say grant uolente
140 1209 1274 1292 De uengier uostre mort ⁊ yuer et este
154 1267 1405 1354 et cõment maueroit Ihũs aussy greue
144 1324 1329 1407 pui maroit enuoiet sy grande eruante
138 1370 1300 1458 Rgarde le saiel dout on lauoit signe
133 1419 1463 1524 noult bien le Retõunt quant il la regarde
158 1478 1451 1570 Dont pleure teurement sy adieu reclame
167 1531 1150 1623 Lelame dame roine de biante
165 1598 731 1688 ome uous anes
784 1570 1509 1655 cer cououchit et pre
144 1642 1318 1745 re dõnasse pour moy unͣg oef pele
759 1639 823 1695 ꝯcu
119 1690 1826 1800 Se ne lust pour uo pais ⁊ pour uostre aifamiste
131 1743 1905 1853 Par che que dieux consent doit ly hons prendre engre
299 1816 1684 1906 pult ot iy pois heury le cuer tristre et dolant
248 1860 1928 1975 Des biaixo yeux de son elsief ua trurement plorant
149 1936 1398 2028 ly uroil dist il que males demandant
174 1987 1700 2088 ue uous ayge meffait que males euuoiant
156 2044 1728 2148 y neffu treffaites figires et de sy fait samblant
154 2109 1753 2210 Sour quoy ne pot mon corps engeurer bñ erfant
149 2171 1555 2272 cõment font autrecent cheualier et sergont
156 2237 1479 2329 e rome en ua un a grant tort blascengant
147 2302 1573 2396 Rar elle uya coupe bien menuon parcheuant
156 2369 1523 2470 arche piz helons uacu se famne engeurant
156 2431 1341 2532 ⁊t le seilt aporter ⁊ estre de liurant
158 2504 1847 2603 hest tout par mon pechiet bren men suy parcheuant
133 2578 1658 2661 dout pleure ieurement et ua drant duel menant
156 2645 1389 2732 ⁊t ly sanes aposteles le ua resconfortant
140 2707 1477 2796 uiaux firiyo dist la postole aus moyestautant
142 2762 1679 2863 mes uous point de mere nele males che lant
121 2826 1454 2921 By ay che dist heuris ouques en sen uiugnt
131 2877 1555 2985 nama le bielle elame que le corps apaisant
128 2944 1566 3072 Et se nele prĩa mie scachres parsen cõmant
