3104 4140
1527 664 1682 781 112
115 791 140 915 l
193 791 1138 867 enderay asil ame gent ordene
181 811 1573 922 uant uy uous cercheuesques entent les messacier
158 869 1458 977 dau des rois uy uenoit lauoiauro nõchier
158 924 1553 1032 deirces conserl ꝯmaunde sans ouit de litaregier
195 982 1366 1081 ot a se confel mainie me noble chenalier
204 1032 1682 1145 ciggneur dist lrcheuesque uoeullies moy conseilliez
186 1090 1461 1207 ysont drande d enc qui uienuent herbezie.
154 1140 1369 1265 dar dedens me cisite ostelol et lochies
161 1212 1585 1315 Quel cousel me dõues Car ie uous endlequnr
207 1260 1594 1368 chil ly ont dit sire cpardieu lesroitarier
156 1306 1624 1449 sien uolons que uarroy le soute et le princhier
170 1373 1564 1504 nengnent en uostre lourt ddoichy esbanour
163 1435 1530 1563 les du peuple ꝯmunauous nesun mestier
149 1485 1514 1607 uns le faiche ly Rois sier les samps erberier
156 1545 1539 1658 Et sen uiengenent a tours et deuant et derier
165 1603 1242 1731 prrepouracater a boire et amengier
177 1635 1497 1793 e tout uienuent chiens saichielle sans cidier
147 1731 1217 1839 uenir enporoit un mortel encõbuer
140 1750 1601 1888 mer uault que on les luit aches camies sõuellier
142 1823 1438 1943 QQuil uiengnent en no uille smuauoir et ostag
167 1879 1550 2012 ipprenderoit mefille ly aultremermoullier
147 1934 1479 2072 nouales yrasuns boetre ochire et de troichier
138 2000 1346 2132 Sy enporoit uerir un mortel encõbrier
154 2088 575 2182 Sire frans ẜ
710 2056 1649 2159 archeuesque qui noula aiugier
156 2113 1449 2242 Nous uous peidus queusy le ueullirs afier
165 2182 1426 2297 Et dist u archeuesques tent aug desirier
163 2237 1509 2364 dont a fait escrire saul point delatargier
278 2290 1504 2419 brief que I saiela et fist ent pronõchier
177 2359 1343 2490 eusy quaurs oy chy endroit retrainer
170 2408 1633 2548 Ee puis dõna le lettre au courtois messaigier
163 2472 1474 2615 moult ly dõna hildoi ⁊ se le fist mengier
165 2539 1514 2665 MMartins ua fus messaige couraer et aisier
271 2599 1534 2711 du uin ly aporte de mendredu chiliez
174 2661 1555 2773 Et quant ly mes at uut sy se uault repan
430 2702 1495 2812 I ua ly messãges adieubenaichon
260 2753 1695 2875 q daruy tours en rourame chenanche derandon
1173 2817 1318 2886 Sezon
154 2826 1012 2923 Par le porte en yssy aierte
200 2870 1378 2969 eu tour une liemt uont ala ou emuron
177 2918 1304 3033 la uncontra le poy qui heury ot anon
172 2973 1518 3077 Et le uon Ryy authome que tantot de Renõ
177 3008 1626 3157 Sroit par deuant deli Rois se uist agenoullon
