3104 4140
1111 660 2567 786 Ce ly adit biaux s peres tout ce laissies ester
1141 736 2491 837 aprendee uostre fille ne deueries penser
1138 804 2399 887 põment oserres uous a me char habiter
1113 855 2680 947 li char que uous uausistes de uo corps engeurer
1115 915 2613 1005 erer Dest une grant hideur aloir recorder
1161 975 2510 1060 et tout chil qui oront fceste xuure Racõter
1118 1030 2436 1120 uous porroit bien tener a felon et amrer
1099 1085 2669 1177 Pour dieu te piy biaux perelz ueulle toy ainser
1118 1140 2353 1223 haies ia le uouloir de moy despuceler
1113 1202 2491 1288 Car ie ne le poroir souffrir ne endurer
1102 1248 2662 1338 Gẽ cal de mariage uolbl me char fausest fauser
1104 1306 2765 1416 Che nest mie degiture se dieux me puist sauuer
1097 1366 2294 1453 e choze qui affiere dire ne sRecordr
1134 1421 2531 1508 uꝰ estes mes Prois perer ne le pooes cheler
1097 1476 2547 1563 Donquet ne me porries ꝑ Raison espouser
1118 1589 2425 1681 ille che dist li Rois laissies uo smoner
1263 1536 2346 1621 dẽ char ne doibt a le moye adesir
1095 1646 2220 1741 Ie uoꝰ espanseray de main a la ioͬner
1099 1695 2765 1812 Ie mut fist Rrois auchomes ung moult Riche souxer
1102 1770 2411 1853 Et tine se iourt plamne poͬ se fille hõnerer
1097 1819 2572 1915 Noult sen ẽmerueilloient s̾gent ⁊ bacheler
1092 1885 2466 1987 pourgoises et bourgois en prirẽt a ꝑler
1083 1948 2514 2042 Et dist ly uns a laut li Rois fait a blamer
1097 2014 2383 2111 En demain a sa fille se uorra marier
1081 2058 2666 2178 y Risz maine gũt ioie se uault gns dons dõner
1092 2134 2342 2228 Elaue sost a table ne fue de plourer
1097 2187 2563 2293 hes luy fa se maitresse que le deuoit garder
1099 2263 2533 2341 Que en auille n amore ne le peult gforter
1095 2313 2588 2405 ꝓpresz mengiez se prent li cours adeseurer
1081 2375 2323 2467 Achomez uint briesmẽt a beatrix ꝑler
1079 2433 2540 2525 Heatrix dist li srois ueullies moy estonter
1086 2481 2673 2578 gaittes demain ma fille bien matm a chemer
1086 2550 2503 2647 De Riches draps de soye et uestir et parer
1081 2605 2211 2684 i ue dist uiatris che fait a creanter
1092 2663 2434 2755 y frois ua a se fille le cõgiet demander
1069 2725 2666 2817 Mes che fu de telle heure q̃ de ly uault seurer
1072 2785 2533 2875 dedens xxxiiii ans ny xorra mais parler
1065 2840 2754 2927 Glame uault briesmẽt dedens se cambre entrer
1072 2895 2685 3006 Dessus sen lit fsffsassist se cõmẽche a plourer
1074 2957 2409 3088 Sy ĩsgnde doleur print la a demenir
