3104 4140
1152 841 2383 947 uiurent. Rõme assegier sarrasin et persant
1152 899 2563 1007 lapostoliz de poure ul ses aiis mandont
1161 956 2572 1067 Deuers constantinoble auoit ung roy inquant
1155 1016 2583 1133 Qui estoit de ce siecle le plus noble uiuant
1161 1062 2676 1198 Et pour se drant noblesche laloit on appellant
1341 1133 2726 1248 de constantinoble pour uoir le uous creant
1155 1191 2613 1313 Og lapeloit authome moult ot le coer uaillant
1143 1260 2565 1373 Saint est en paradis che dient ly romant
1155 1320 2648 1442 Ohieux uint aydier le pape a lespee trenchant
1173 1377 2742 1515 Et fist tout par se forche quill descoufit briuant
1274 1437 2634 1568 len fist refuir outre acalint mir a calant
1173 1488 1231 1568 Q
1159 1497 2448 1639 Lõme fu deliurre de le dent mestreant
1159 1552 2519 1685 Dont ly papes en ot le aier liet et ioiant
1173 1607 2531 1759 Tant fist ly rois aullpme opape souffissant
1164 1681 2457 1810 dde mechis ly dõna que de biante ot tant
1157 1731 2659 1883 Saddes surent les nopchel dedeus Romme le gñt
1304 1803 2542 1950 spousa anthouezle belle ocorps plaissant
1150 1876 2321 2007 Alle lempereour richier le cõ batant
1150 1922 2508 2065 Et meche saint dlĩment lapostolle poisant
1159 1973 2648 2113 ung mois duratit le feste en rõmet la deuant
1166 2046 2574 2180 ues se party anthomes cõgiet ua demãdant
1148 2111 2519 2244 gemmaine le Roite que sen cors amoit tant
1175 2164 2673 2329 Ly papes au partir les ua de dieu fet seignant
2013 2240 2425 2334 sy exploctani
1171 2256 1992 2392 Et automes ly rois sala
1180 2258 2749 2444 Quentre lun et le dame que le copos ot plaisant
1187 2355 2597 2518 uout en constantnoble Iuellement entrant
1187 2435 2468 2596 Ie Rome asses tost su grosse dun ensant
1184 2474 2834 2642 Che su le bebe elame que de maulx sonffryittãt̾
1182 2555 2583 2714 Par une male uielle dengliterre le gran
1226 2622 2593 2787 e mere au Roy henry que le fu espousant
1196 2681 2641 2858 Le dame fu enthainte et moult ua engtrossant
1182 2746 2694 2904 Quant ly bgus rois authoites en sceut le cõnant
1187 2812 2503 2964 Ocorps de lapostole le manda tout eruant
1198 2865 2606 3029 Ly papes ua forment le messaiges hõnerant
1198 2937 2478 3081 Et ly dõna mau don bien la la festiant
1249 3006 2521 3160 authome manda le bon poy conquerant
1203 3091 2630 3229 Que se se neche aloit doir marle deliurant
1339 3383 1431 3489 65
