<?xml version="1.0" encoding="UTF-8"  standalone="yes"?>
<PcGts xmlns="http://schema.primaresearch.org/PAGE/gts/pagecontent/2019-07-15" xmlns:xsi="http://www.w3.org/2001/XMLSchema-instance" xsi:schemaLocation="http://schema.primaresearch.org/PAGE/gts/pagecontent/2019-07-15 http://schema.primaresearch.org/PAGE/gts/pagecontent/2019-07-15/pagecontent.xsd">
  <Metadata>
	<Creator>escriptorium</Creator>
	<Created>2025-10-15T20:24:26.215330+00:00</Created>
        <LastChange>2025-10-15T20:24:26.215353+00:00</LastChange>

  </Metadata>
  <Page imageFilename="620416201_MS0742_0766_0168A.jpg" imageWidth="3104" imageHeight="4140">

    
    <TextRegion id="eSc_textblock_dff7e240"  custom="structure {type:text;}">
      <Coords points="1573,947 1679,965 1698,1021 1679,1166 1615,1205 1569,1324 1578,1488 1541,1573 1615,1764 1578,1793 1596,1938 1560,2150 1587,2214 1550,2343 1587,2509 1541,2631 1532,2950 1560,3162 1606,3183 1615,3236 789,3272 101,3245 73,2306 101,1655 64,1543 101,1423 101,1122 64,1011 533,965 1573,947"/>
      
      
      <TextLine id="eSc_line_566e82a4" custom="structure {type:default;}">
        <Coords points="1654,961 1647,959 1640,968 1477,968 1463,961 1454,952 1451,952 1449,952 1447,952 1445,952 1442,952 1431,961 1417,972 1378,972 1366,963 1348,949 1332,949 1309,952 1286,952 1263,952 1240,952 1217,952 1214,952 1194,968 1184,975 1115,975 1102,970 1081,961 1079,961 1076,961 1030,970 1007,956 987,956 964,956 941,956 918,959 895,959 872,959 849,959 826,959 803,959 780,961 757,961 734,961 713,961 671,982 664,984 658,982 612,963 595,963 575,963 538,984 533,986 522,984 455,972 434,975 411,977 388,979 365,982 342,982 319,984 296,986 287,986 283,991 280,993 213,993 204,995 181,998 158,1000 161,1032 163,1058 190,1048 227,1058 264,1064 266,1064 269,1064 271,1064 285,1055 294,1048 326,1053 361,1060 363,1060 414,1053 462,1044 490,1051 533,1060 536,1060 538,1060 584,1048 612,1041 644,1046 701,1055 704,1055 706,1055 734,1044 745,1039 754,1044 777,1055 780,1055 782,1055 876,1053 878,1053 915,1039 929,1035 1012,1035 1019,1037 1046,1051 1049,1051 1051,1051 1053,1051 1090,1035 1097,1032 1104,1035 1132,1048 1134,1048 1136,1048 1304,1046 1306,1046 1362,1028 1364,1028 1369,1028 1408,1044 1410,1044 1412,1044 1415,1044 1461,1028 1631,1039 1633,1039 1635,1039 1665,1021 1665,1005 1654,961 1654,961"/>
        <Baseline points="161,1032 888,1011 1665,1005"/>
        <TextEquiv conf="0.9906351623081026">
          <Unicode>me Rent mes enfans il se peult bien uanter</Unicode>
        </TextEquiv>
      </TextLine>

      
      
      <TextLine id="eSc_line_76a9895d" custom="structure {type:default;}">
        <Coords points="124,1081 124,1115 294,1106 317,1110 338,1117 340,1117 342,1117 345,1117 361,1110 377,1104 483,1108 625,1113 628,1113 692,1101 717,1099 752,1101 858,1108 860,1108 862,1108 865,1108 878,1097 883,1094 885,1097 899,1106 901,1106 904,1106 906,1106 1171,1092 1242,1101 1244,1101 1247,1101 1249,1101 1270,1087 1272,1087 1277,1087 1332,1099 1334,1099 1525,1081 1527,1062 1518,1018 1495,1030 1405,1021 1382,1018 1380,1018 1302,1021 982,1039 904,1028 895,1028 892,1028 890,1028 888,1028 865,1044 752,1044 736,1032 734,1032 731,1032 729,1032 455,1048 407,1037 404,1037 402,1037 400,1037 370,1051 287,1041 285,1041 283,1041 243,1053 121,1041 124,1081"/>
        <Baseline points="124,1081 517,1085 1527,1062"/>
        <TextEquiv conf="0.9560671471632444">
          <Unicode>tne mee corps le fera de malle mortfier</Unicode>
        </TextEquiv>
      </TextLine>

      
      
      <TextLine id="eSc_line_12063480" custom="structure {type:default;}">
        <Coords points="126,1138 126,1163 1682,1138 1682,1108 1675,1074 124,1101 126,1138"/>
        <Baseline points="126,1138 538,1138 1682,1108"/>
        <TextEquiv conf="0.9987729110501029">
          <Unicode>a heds⟧ claine maune dieu uous ueulle sauner</Unicode>
        </TextEquiv>
      </TextLine>

      
      
      <TextLine id="eSc_line_731a8322" custom="structure {type:default;}">
        <Coords points="117,1186 117,1205 174,1205 186,1214 186,1216 188,1216 190,1216 193,1216 285,1202 289,1202 294,1202 363,1219 365,1219 368,1219 404,1202 439,1216 441,1216 444,1216 520,1200 536,1214 538,1214 540,1214 543,1216 595,1216 595,1214 598,1214 600,1214 614,1202 664,1212 667,1212 669,1212 701,1193 830,1193 858,1209 860,1209 862,1209 865,1209 867,1209 904,1198 954,1207 957,1207 959,1207 961,1207 991,1189 1023,1205 1026,1205 1028,1205 1109,1189 1138,1202 1141,1202 1143,1205 1240,1205 1240,1202 1339,1200 1341,1200 1382,1184 1435,1198 1438,1198 1440,1198 1442,1198 1491,1177 1491,1161 1484,1122 115,1152 117,1186"/>
        <Baseline points="117,1186 1491,1161"/>
        <TextEquiv conf="0.9712778301466078">
          <Unicode>ussor tresuraiement souquel ne uoch penser</Unicode>
        </TextEquiv>
      </TextLine>

      
      
      <TextLine id="eSc_line_6b28efc9" custom="structure {type:default;}">
        <Coords points="124,1239 124,1260 278,1271 280,1271 283,1271 319,1260 358,1271 361,1271 363,1271 365,1271 423,1258 487,1269 490,1269 492,1269 538,1253 568,1269 570,1269 572,1269 826,1265 828,1265 830,1265 853,1246 855,1246 922,1246 964,1262 966,1262 968,1262 1079,1260 1081,1260 1134,1242 1136,1242 1145,1242 1320,1255 1323,1255 1325,1255 1385,1237 1387,1237 1389,1237 1474,1251 1477,1251 1479,1251 1481,1251 1497,1237 1530,1246 1532,1246 1534,1246 1537,1246 1576,1232 1576,1212 1569,1179 121,1196 124,1239"/>
        <Baseline points="124,1239 1576,1212"/>
        <TextEquiv conf="0.9740253992982812">
          <Unicode>efere uo gent corpe nesun mal endurer</Unicode>
        </TextEquiv>
      </TextLine>

      
      
      <TextLine id="eSc_line_a3ef02ee" custom="structure {type:default;}">
        <Coords points="119,1290 119,1320 315,1331 317,1331 319,1331 352,1317 414,1329 416,1329 501,1327 503,1327 506,1327 524,1313 526,1313 543,1313 704,1322 706,1322 780,1308 796,1306 805,1308 837,1317 839,1317 842,1317 844,1317 846,1317 846,1315 855,1306 860,1304 869,1306 908,1317 911,1317 913,1317 915,1317 918,1317 936,1306 943,1301 952,1306 977,1315 980,1315 982,1315 984,1315 1005,1304 1014,1299 1028,1304 1053,1313 1056,1313 1058,1313 1104,1301 1129,1297 1148,1301 1171,1308 1173,1308 1175,1308 1470,1294 1472,1267 1468,1232 1408,1219 1405,1219 1403,1219 1401,1219 1401,1221 1387,1232 1382,1235 1327,1232 1134,1225 1132,1225 1129,1225 1097,1237 1076,1244 961,1244 938,1237 913,1230 911,1230 908,1230 862,1239 807,1248 750,1239 724,1237 722,1237 720,1237 713,1239 690,1253 589,1253 520,1242 506,1242 503,1242 501,1242 499,1242 499,1244 483,1255 441,1244 432,1242 430,1242 427,1242 425,1242 416,1244 363,1258 331,1244 326,1244 324,1244 322,1244 319,1244 315,1244 276,1258 117,1248 119,1290"/>
        <Baseline points="119,1290 434,1294 1472,1267"/>
        <TextEquiv conf="0.99746353328228">
          <Unicode>elas che fist me mere chier le fis ꝯprer</Unicode>
        </TextEquiv>
      </TextLine>

      
      
      <TextLine id="eSc_line_26d094f1" custom="structure {type:default;}">
        <Coords points="124,1347 124,1375 239,1389 241,1389 478,1384 480,1384 483,1384 483,1382 497,1370 572,1382 575,1382 704,1368 731,1377 734,1377 736,1377 738,1377 740,1377 740,1375 752,1366 754,1363 782,1366 934,1375 936,1375 938,1375 977,1361 987,1357 1226,1354 1240,1357 1281,1368 1283,1368 1286,1368 1456,1352 1458,1329 1454,1288 957,1288 954,1288 952,1288 941,1292 915,1304 895,1294 892,1294 890,1294 832,1306 796,1294 786,1292 784,1292 782,1292 780,1292 777,1292 775,1294 763,1306 473,1315 386,1315 363,1299 361,1299 358,1299 356,1299 354,1299 352,1299 329,1317 232,1317 204,1304 202,1304 121,1304 124,1347"/>
        <Baseline points="124,1347 462,1352 1458,1329"/>
        <TextEquiv conf="0.9731519149570931">
          <Unicode>ar ie len fis en uni fu arder et enlraser</Unicode>
        </TextEquiv>
      </TextLine>

      
      
      <TextLine id="eSc_line_17e3714f" custom="structure {type:default;}">
        <Coords points="149,1409 149,1428 432,1437 434,1437 1484,1396 1484,1375 1477,1334 1286,1350 1138,1340 1120,1340 1118,1340 1095,1343 931,1357 768,1350 747,1350 745,1350 743,1350 740,1350 740,1352 734,1359 724,1352 724,1350 722,1350 720,1350 717,1350 704,1352 621,1366 147,1366 149,1409"/>
        <Baseline points="149,1409 554,1407 883,1389 1484,1375"/>
        <TextEquiv conf="0.9954730476203718">
          <Unicode>uant plaisanche lon coueur prist amler</Unicode>
        </TextEquiv>
      </TextLine>

      
      
      <TextLine id="eSc_line_3da25776" custom="structure {type:default;}">
        <Coords points="140,1465 140,1485 356,1497 358,1497 361,1497 416,1481 418,1481 421,1481 490,1492 492,1492 494,1492 497,1492 513,1478 515,1476 524,1478 577,1490 579,1490 582,1490 612,1476 618,1476 724,1485 727,1485 1210,1467 1212,1467 1224,1462 1244,1453 1477,1455 1479,1428 1474,1391 1348,1384 1346,1384 1260,1396 1164,1407 1145,1398 1132,1391 1129,1391 1127,1391 1026,1393 1023,1393 1021,1393 1014,1400 998,1412 961,1400 947,1398 945,1398 943,1398 941,1398 922,1403 867,1416 819,1405 798,1400 796,1400 793,1400 791,1400 791,1403 786,1405 775,1419 734,1407 731,1407 729,1407 724,1407 568,1423 538,1412 536,1412 533,1412 531,1412 487,1430 354,1432 138,1421 140,1465"/>
        <Baseline points="140,1465 660,1462 1479,1428"/>
        <TextEquiv conf="0.9722552742713537">
          <Unicode>t ly uns et ey augtres ꝯmencha aploirer</Unicode>
        </TextEquiv>
      </TextLine>

      
      
      <TextLine id="eSc_line_c421917d" custom="structure {type:default;}">
        <Coords points="1046,1446 1023,1449 1019,1449 899,1467 849,1458 846,1458 687,1474 669,1462 655,1465 632,1465 630,1465 566,1481 522,1481 508,1467 508,1465 506,1465 503,1465 501,1465 499,1465 497,1465 497,1467 480,1481 444,1469 441,1469 439,1469 437,1469 434,1469 434,1472 432,1472 423,1483 103,1481 105,1522 105,1552 319,1538 352,1547 361,1550 363,1550 365,1550 368,1550 370,1550 370,1547 372,1547 381,1536 409,1545 423,1550 425,1550 427,1550 635,1543 637,1543 648,1538 669,1529 687,1536 697,1540 699,1540 701,1540 704,1540 724,1536 766,1524 791,1534 798,1536 800,1536 803,1536 964,1531 966,1531 982,1527 1033,1513 1120,1522 1143,1524 1145,1524 1148,1524 1155,1522 1187,1508 1274,1517 1283,1517 1286,1517 1288,1517 1290,1517 1290,1515 1293,1515 1302,1501 1364,1501 1410,1513 1412,1513 1415,1513 1419,1513 1500,1497 1541,1508 1546,1476 1534,1430 1518,1442 1316,1439 1311,1439 1309,1439 1306,1439 1304,1439 1283,1453 1157,1444 1148,1444 1145,1444 1143,1444 1141,1444 1095,1460 1049,1446 1046,1446"/>
        <Baseline points="105,1522 706,1515 1546,1476"/>
        <TextEquiv conf="0.9721878680917951">
          <Unicode>it ly uour Roie authomes not talent de canter</Unicode>
        </TextEquiv>
      </TextLine>

      
      
      <TextLine id="eSc_line_4fcb105a" custom="structure {type:default;}">
        <Coords points="927,1506 924,1506 922,1506 908,1513 883,1524 819,1517 780,1513 773,1513 750,1515 740,1515 717,1522 683,1531 664,1524 648,1517 646,1517 644,1517 641,1517 639,1517 630,1527 621,1534 453,1538 437,1536 388,1522 386,1522 384,1522 381,1522 379,1522 356,1538 352,1540 331,1540 213,1534 211,1534 209,1534 151,1547 154,1582 154,1612 253,1596 308,1605 322,1607 324,1607 607,1600 609,1600 628,1591 648,1580 713,1586 740,1589 743,1589 745,1589 763,1584 798,1575 809,1582 828,1593 830,1593 832,1593 835,1593 918,1577 920,1577 961,1589 964,1589 966,1589 968,1589 971,1589 996,1573 1005,1568 1017,1573 1040,1580 1042,1580 1044,1580 1046,1580 1049,1580 1060,1570 1069,1563 1323,1557 1323,1536 1316,1494 1063,1501 1035,1506 964,1522 941,1511 929,1506 927,1506"/>
        <Baseline points="154,1582 929,1561 1088,1543 1323,1536"/>
        <TextEquiv conf="0.9813933249782113">
          <Unicode>i le malõmerie uatanthomes entrez</Unicode>
        </TextEquiv>
      </TextLine>

      
      
      <TextLine id="eSc_line_1a447e3d" custom="structure {type:default;}">
        <Coords points="1313,1538 1290,1538 1267,1538 1254,1545 1247,1547 1217,1545 1159,1540 1152,1543 1129,1543 1125,1543 1122,1543 1115,1552 1113,1557 1035,1563 830,1573 814,1566 807,1566 786,1566 784,1568 773,1575 731,1570 708,1568 692,1568 669,1568 660,1575 635,1586 119,1600 121,1632 121,1665 227,1660 236,1662 278,1676 280,1676 283,1676 285,1676 345,1658 365,1651 384,1655 439,1667 441,1667 444,1667 501,1649 524,1642 536,1646 559,1660 561,1660 563,1660 731,1649 734,1649 775,1635 803,1626 812,1632 819,1639 821,1639 823,1639 826,1639 872,1630 885,1628 892,1630 920,1639 922,1639 924,1639 1030,1623 1044,1621 1053,1621 1115,1628 1118,1628 1120,1628 1122,1628 1122,1626 1125,1626 1132,1616 1136,1612 1148,1616 1157,1619 1159,1619 1161,1619 1164,1619 1173,1614 1203,1603 1219,1612 1219,1614 1221,1614 1224,1614 1226,1614 1228,1614 1237,1612 1283,1598 1295,1609 1297,1609 1300,1609 1302,1609 1304,1609 1309,1607 1341,1596 1398,1603 1401,1575 1396,1536 1313,1531 1313,1538"/>
        <Baseline points="121,1632 319,1637 653,1626 1401,1575"/>
        <TextEquiv conf="0.984642069041729">
          <Unicode>es iii dieux crouua qui estoient dorcler</Unicode>
        </TextEquiv>
      </TextLine>

      
      
      <TextLine id="eSc_line_ae444dc6" custom="structure {type:default;}">
        <Coords points="126,1688 126,1711 287,1718 289,1718 379,1704 404,1699 416,1701 448,1711 450,1711 453,1711 595,1695 669,1688 690,1692 720,1699 722,1699 724,1699 789,1688 826,1683 918,1683 1030,1685 1033,1685 1065,1678 1111,1667 1502,1662 1502,1639 1495,1598 121,1649 126,1688"/>
        <Baseline points="126,1688 485,1685 1187,1646 1502,1639"/>
        <TextEquiv conf="0.9764316386954729">
          <Unicode>uthom es de bous rou uolt le cierge ainiser</Unicode>
        </TextEquiv>
      </TextLine>

      
      
      <TextLine id="eSc_line_372802f0" custom="structure {type:default;}">
        <Coords points="664,1676 655,1678 609,1695 402,1701 333,1692 331,1692 329,1692 296,1706 142,1699 144,1734 144,1761 1474,1713 1474,1688 1468,1651 1037,1660 1035,1660 1033,1660 1026,1667 1012,1674 996,1667 982,1662 980,1662 977,1662 938,1669 874,1681 839,1672 826,1669 823,1669 821,1669 819,1669 816,1669 812,1674 798,1683 754,1676 752,1676 750,1676 747,1676 710,1688 683,1678 674,1676 671,1676 669,1676 664,1676"/>
        <Baseline points="144,1734 432,1738 1474,1688"/>
        <TextEquiv conf="0.9820397347211838">
          <Unicode>i por uut et par iour ne fiue salimr</Unicode>
        </TextEquiv>
      </TextLine>

      
      
      <TextLine id="eSc_line_ffe6646c" custom="structure {type:default;}">
        <Coords points="849,1720 846,1720 844,1720 832,1731 830,1731 809,1731 690,1727 687,1727 607,1741 582,1743 531,1743 377,1741 375,1741 372,1741 352,1750 345,1754 121,1759 124,1789 124,1816 646,1805 740,1789 750,1789 754,1789 800,1798 803,1798 805,1798 853,1784 858,1784 869,1784 996,1789 998,1789 1000,1789 1003,1789 1017,1777 1023,1777 1166,1782 1168,1782 1171,1782 1226,1768 1228,1768 1233,1768 1428,1770 1431,1770 1495,1754 1497,1736 1493,1704 1421,1695 1419,1695 1417,1695 1362,1708 1357,1708 1346,1708 1212,1704 1210,1704 1060,1720 1040,1722 1014,1722 851,1720 849,1720"/>
        <Baseline points="124,1789 515,1784 1497,1736"/>
        <TextEquiv conf="0.9656705856323242">
          <Unicode>ee tout sans ameure le uoit on ardoit cler</Unicode>
        </TextEquiv>
      </TextLine>

      
      
      <TextLine id="eSc_line_81253eb8" custom="structure {type:default;}">
        <Coords points="816,1770 814,1770 812,1770 803,1780 796,1784 777,1780 747,1773 736,1773 736,1775 734,1775 729,1782 724,1789 669,1791 112,1796 115,1839 115,1869 370,1869 370,1867 372,1867 375,1867 384,1860 398,1851 423,1860 439,1865 441,1865 444,1865 446,1865 448,1865 457,1858 471,1849 494,1858 508,1862 510,1862 513,1862 602,1853 747,1839 759,1849 761,1851 761,1853 763,1853 766,1853 768,1853 770,1853 782,1849 803,1842 849,1846 888,1851 890,1851 892,1851 895,1851 901,1846 915,1835 943,1844 959,1849 961,1849 964,1849 1033,1842 1175,1826 1327,1833 1382,1835 1385,1835 1387,1835 1389,1835 1394,1830 1412,1819 1440,1830 1449,1833 1451,1833 1454,1833 1456,1833 1465,1828 1491,1819 1541,1826 1543,1789 1539,1761 1451,1750 1449,1750 1366,1764 1178,1759 1175,1759 1173,1759 1129,1770 1118,1773 1102,1770 1042,1764 1040,1764 1037,1764 1010,1773 998,1777 941,1775 819,1770 816,1770"/>
        <Baseline points="115,1839 982,1819 1543,1789"/>
        <TextEquiv conf="0.9930197818334713">
          <Unicode>ont dit ly rois anthames qui le uora porter</Unicode>
        </TextEquiv>
      </TextLine>

      
      
      <TextLine id="eSc_line_80590345" custom="structure {type:default;}">
        <Coords points="1012,1819 1010,1819 1007,1819 1005,1819 996,1826 977,1837 959,1826 950,1821 947,1821 945,1821 943,1821 920,1826 895,1833 862,1828 823,1823 821,1823 819,1823 805,1830 777,1842 701,1833 660,1828 648,1828 628,1828 593,1835 552,1846 497,1846 487,1837 480,1833 464,1833 455,1833 448,1839 439,1846 418,1839 400,1833 395,1835 386,1835 379,1842 372,1849 119,1849 121,1890 121,1918 218,1908 246,1918 264,1922 266,1922 269,1922 271,1922 289,1915 326,1902 345,1915 352,1920 354,1920 356,1920 358,1922 446,1922 446,1920 448,1920 471,1913 490,1906 497,1913 503,1918 506,1918 508,1918 510,1918 513,1918 538,1911 568,1904 614,1911 628,1911 630,1911 632,1911 637,1908 669,1897 761,1897 784,1906 793,1911 796,1911 798,1911 800,1911 814,1906 849,1895 938,1904 945,1904 947,1904 950,1904 952,1904 975,1892 994,1904 996,1904 998,1904 1000,1904 1010,1904 1056,1892 1067,1902 1076,1908 1076,1911 1079,1911 1081,1911 1083,1911 1086,1911 1104,1902 1109,1899 1127,1902 1194,1908 1196,1908 1198,1908 1219,1899 1237,1890 1279,1897 1281,1874 1277,1819 1017,1819 1012,1819"/>
        <Baseline points="121,1890 1281,1874"/>
        <TextEquiv conf="0.9761766436937693">
          <Unicode>dedens ꝯstanturobie la le fera posser</Unicode>
        </TextEquiv>
      </TextLine>

      
      
      <TextLine id="eSc_line_47c842c4" custom="structure {type:default;}">
        <Coords points="158,1950 158,1973 1286,1943 1286,1925 1279,1881 1076,1895 1056,1888 1037,1881 1035,1881 1033,1881 872,1883 789,1897 750,1902 738,1897 715,1888 713,1888 710,1888 708,1888 662,1899 646,1904 635,1902 598,1890 595,1890 593,1890 591,1890 566,1904 559,1906 545,1904 503,1897 501,1897 372,1908 349,1911 335,1911 172,1899 170,1899 167,1899 165,1899 165,1902 156,1908 158,1950"/>
        <Baseline points="158,1950 1286,1925"/>
        <TextEquiv conf="0.9694178745602117">
          <Unicode>d sos chenaliers ua en roi apelez</Unicode>
        </TextEquiv>
      </TextLine>

      
      
      <TextLine id="eSc_line_acbf5624" custom="structure {type:default;}">
        <Coords points="1254,1927 1231,1927 1208,1927 1182,1931 1134,1941 1097,1934 1076,1929 1069,1931 1046,1931 1042,1931 1037,1936 1030,1943 1014,1938 994,1931 977,1931 971,1931 931,1941 913,1943 876,1941 786,1936 770,1938 747,1938 724,1938 715,1938 704,1948 701,1948 694,1948 584,1941 572,1941 545,1952 538,1957 271,1961 269,1961 225,1950 218,1950 204,1950 172,1964 174,2000 174,2021 1566,1991 1566,1957 1564,1920 1329,1918 1327,1918 1325,1918 1290,1927 1270,1934 1263,1929 1260,1927 1254,1927"/>
        <Baseline points="174,2000 821,1991 1212,1975 1371,1957 1566,1957"/>
        <TextEquiv conf="0.9725482609213852">
          <Unicode>cleorge leir fist prendree leurala liuret</Unicode>
        </TextEquiv>
      </TextLine>

      
      
      <TextLine id="eSc_line_113c98ee" custom="structure {type:default;}">
        <Coords points="964,1987 961,1987 959,1987 957,1987 929,2000 920,2000 752,1994 740,1994 717,1994 694,1994 685,1994 655,2005 586,1996 579,1996 556,1996 552,1996 469,2010 457,2012 335,2012 331,2012 294,2000 280,2000 273,2000 260,2012 135,2000 133,2000 131,2000 128,2000 119,2005 121,2044 121,2070 738,2072 740,2072 743,2072 773,2065 803,2058 835,2065 862,2070 865,2070 918,2063 1005,2053 1079,2063 1109,2065 1111,2065 1141,2063 1237,2049 1408,2058 1410,2026 1405,1994 1254,1980 1251,1980 1249,1980 1247,1980 1228,1996 1226,1998 1178,1998 1175,1996 1109,1982 1106,1982 989,2000 982,2000 980,2000 966,1987 964,1987"/>
        <Baseline points="121,2044 600,2049 1410,2026"/>
        <TextEquiv conf="0.9596318318730309">
          <Unicode>dinis lera a la b c̾dia uistement ꝯman der</Unicode>
        </TextEquiv>
      </TextLine>

      
      
      <TextLine id="eSc_line_039e93e3" custom="structure {type:default;}">
        <Coords points="128,2102 128,2141 306,2127 345,2136 370,2143 372,2143 375,2143 377,2143 379,2143 388,2136 404,2125 418,2134 421,2136 423,2136 425,2136 427,2136 430,2136 437,2134 457,2125 467,2134 473,2139 473,2141 476,2141 478,2141 480,2141 549,2132 570,2129 589,2129 690,2139 692,2139 784,2132 786,2132 789,2132 798,2125 812,2116 846,2122 895,2134 897,2134 1127,2116 1150,2116 1157,2116 1233,2127 1235,2127 1237,2127 1240,2127 1260,2113 1267,2109 1477,2106 1479,2079 1474,2042 1115,2042 1113,2042 1088,2046 1044,2053 968,2049 915,2044 913,2044 911,2044 908,2044 904,2049 892,2058 800,2051 777,2049 775,2049 773,2049 770,2049 770,2051 759,2060 632,2053 600,2051 598,2051 559,2053 349,2070 253,2058 248,2058 246,2058 243,2058 241,2058 223,2072 126,2060 128,2102"/>
        <Baseline points="128,2102 710,2109 1479,2079"/>
        <TextEquiv conf="0.9670494056883312">
          <Unicode>ne uiers ostantinoble penssent de chemuner</Unicode>
        </TextEquiv>
      </TextLine>

      
      
      <TextLine id="eSc_line_7269d8f1" custom="structure {type:default;}">
        <Coords points="803,2106 800,2106 798,2106 782,2111 736,2122 646,2113 639,2113 637,2113 623,2113 480,2125 464,2116 453,2111 450,2111 448,2111 446,2111 444,2111 437,2118 418,2127 335,2120 271,2113 269,2113 223,2122 179,2129 115,2125 117,2164 117,2182 264,2194 266,2194 269,2194 271,2194 289,2182 421,2191 423,2191 494,2178 506,2178 533,2178 713,2187 715,2187 821,2175 839,2173 849,2173 901,2185 904,2185 906,2185 908,2185 920,2173 924,2171 950,2173 1056,2182 1058,2182 1060,2182 1106,2171 1118,2168 1125,2171 1145,2180 1148,2180 1150,2180 1152,2180 1155,2180 1168,2171 1173,2168 1373,2168 1375,2134 1371,2099 1244,2099 1242,2099 1240,2099 1235,2102 1201,2116 1159,2102 1155,2102 1152,2102 1150,2102 1134,2104 1028,2118 1005,2106 1003,2106 1000,2106 998,2106 996,2106 996,2109 984,2118 872,2109 862,2109 860,2109 858,2109 835,2120 812,2109 805,2106 803,2106"/>
        <Baseline points="117,2164 1042,2157 1375,2134"/>
        <TextEquiv conf="0.9712957347311625">
          <Unicode>e copierge ꝙ priuront et ly uorent porter</Unicode>
        </TextEquiv>
      </TextLine>

      
      
      <TextLine id="eSc_line_cd287679" custom="structure {type:default;}">
        <Coords points="108,2212 108,2244 216,2228 363,2240 398,2242 400,2242 402,2242 416,2240 467,2224 490,2237 492,2237 494,2237 497,2237 520,2235 637,2221 648,2233 653,2235 653,2237 655,2237 658,2237 660,2240 699,2240 699,2237 701,2237 724,2231 759,2219 803,2228 844,2235 846,2235 1037,2226 1040,2226 1042,2226 1049,2219 1056,2214 1079,2219 1111,2226 1113,2226 1175,2217 1205,2212 1221,2214 1272,2228 1274,2228 1277,2228 1279,2228 1281,2228 1300,2212 1442,2208 1445,2191 1438,2152 105,2173 108,2212"/>
        <Baseline points="108,2212 1445,2191"/>
        <TextEquiv conf="0.983822454105724">
          <Unicode>Qu monstixr saint souffiz quil y uoltordener</Unicode>
        </TextEquiv>
      </TextLine>

      
      
      <TextLine id="eSc_line_665ca843" custom="structure {type:default;}">
        <Coords points="1431,2194 1412,2194 1318,2205 1277,2210 1251,2208 1214,2201 1212,2201 1175,2208 1150,2212 1141,2208 1127,2201 1125,2201 1122,2201 1079,2210 1051,2214 1042,2210 1023,2201 1021,2201 1019,2201 1017,2201 996,2210 987,2214 908,2212 858,2210 855,2210 839,2212 796,2221 766,2214 743,2208 740,2208 738,2208 736,2208 720,2214 697,2224 667,2214 648,2210 646,2210 644,2210 641,2210 639,2210 632,2214 621,2224 554,2217 508,2212 506,2212 473,2217 407,2233 354,2233 340,2219 338,2217 335,2217 333,2217 331,2217 329,2217 322,2219 294,2233 264,2221 260,2219 257,2219 255,2219 241,2221 179,2233 119,2224 121,2267 121,2295 1564,2260 1564,2228 1560,2203 1497,2189 1495,2189 1493,2189 1491,2189 1470,2203 1465,2205 1463,2203 1438,2191 1435,2191 1433,2191 1431,2191 1431,2194"/>
        <Baseline points="121,2267 1014,2254 1564,2228"/>
        <TextEquiv conf="0.9828514104539697">
          <Unicode>enguour ycelle etglise dont uous moes parler</Unicode>
        </TextEquiv>
      </TextLine>

      
      
      <TextLine id="eSc_line_539a8f26" custom="structure {type:default;}">
        <Coords points="734,2258 715,2258 699,2260 676,2260 664,2260 124,2277 126,2320 128,2350 163,2336 186,2348 188,2348 190,2348 368,2346 370,2346 379,2343 418,2332 526,2339 538,2339 540,2339 566,2339 738,2325 798,2332 855,2336 858,2336 931,2327 980,2320 987,2325 991,2329 991,2332 994,2332 996,2332 998,2334 1102,2334 1102,2332 1104,2332 1106,2332 1118,2320 1122,2318 1141,2320 1203,2329 1205,2329 1350,2313 1352,2297 1348,2263 1254,2249 1251,2249 1249,2249 1247,2249 1233,2263 1148,2265 1086,2265 1058,2265 736,2258 734,2258"/>
        <Baseline points="126,2320 1352,2297"/>
        <TextEquiv conf="0.9599011831167268">
          <Unicode>st on de puisse dy det abatre et Reuersir</Unicode>
        </TextEquiv>
      </TextLine>

      
      
      <TextLine id="eSc_line_90a91b81" custom="structure {type:default;}">
        <Coords points="1325,2300 1323,2300 1281,2311 1267,2316 1263,2311 1249,2302 1247,2302 1244,2302 1242,2302 1240,2302 1237,2302 1221,2311 1214,2316 1182,2311 1134,2306 1132,2306 1053,2313 971,2320 929,2313 897,2309 895,2309 846,2313 780,2323 690,2316 630,2311 628,2311 600,2316 549,2327 515,2316 503,2313 487,2313 487,2316 450,2329 303,2323 301,2323 227,2334 117,2320 119,2369 119,2401 273,2387 342,2396 356,2398 358,2398 361,2398 363,2398 365,2396 381,2385 460,2394 494,2398 497,2398 499,2398 501,2398 501,2396 503,2396 506,2394 513,2382 533,2394 536,2394 538,2394 540,2394 572,2392 759,2378 837,2387 883,2392 885,2392 888,2392 904,2385 927,2375 1049,2382 1141,2387 1143,2387 1145,2387 1159,2380 1171,2373 1527,2371 1530,2343 1525,2311 1327,2300 1325,2300"/>
        <Baseline points="119,2369 1530,2343"/>
        <TextEquiv conf="0.9728690270673145">
          <Unicode>y refist on .uii aultre Refaire et machõner</Unicode>
        </TextEquiv>
      </TextLine>

      
      
      <TextLine id="eSc_line_85d48bf9" custom="structure {type:default;}">
        <Coords points="117,2431 117,2463 195,2449 312,2458 315,2458 317,2458 340,2447 384,2458 386,2458 388,2458 391,2458 423,2447 533,2458 536,2458 538,2458 579,2444 669,2456 671,2456 814,2442 1000,2454 1003,2454 1005,2454 1007,2454 1026,2440 1447,2449 1451,2417 1445,2373 115,2382 117,2431"/>
        <Baseline points="117,2431 1451,2417"/>
        <TextEquiv conf="0.9778444412208739">
          <Unicode>ont de fin aluastre son preuoit oultre mer</Unicode>
        </TextEquiv>
      </TextLine>

      
      
      <TextLine id="eSc_line_9658c06a" custom="structure {type:default;}">
        <Coords points="117,2488 117,2511 1014,2511 1014,2509 1017,2509 1067,2495 1074,2495 1086,2495 1189,2507 1191,2507 1497,2488 1500,2467 1495,2433 1371,2421 1369,2421 1366,2421 1339,2435 1336,2435 1320,2435 1208,2426 1205,2426 1203,2426 1178,2438 1175,2438 1166,2438 1063,2426 1060,2426 867,2442 858,2442 851,2442 738,2431 736,2431 734,2431 731,2431 717,2444 690,2433 687,2433 685,2433 683,2433 635,2444 584,2433 582,2433 579,2433 577,2433 575,2433 554,2447 432,2435 430,2435 427,2435 425,2435 425,2438 411,2449 319,2438 317,2438 315,2438 292,2449 273,2438 271,2438 269,2438 266,2438 115,2454 117,2488"/>
        <Baseline points="117,2488 1500,2467"/>
        <TextEquiv conf="0.9629324644039838">
          <Unicode>Tier sont d iaspre qui Reluisoient cler</Unicode>
        </TextEquiv>
      </TextLine>

      
      
      <TextLine id="eSc_line_638909b6" custom="structure {type:default;}">
        <Coords points="402,2486 276,2488 273,2488 271,2488 271,2490 269,2493 257,2502 108,2495 108,2536 108,2569 572,2559 595,2562 655,2573 658,2573 918,2571 920,2571 922,2571 922,2569 934,2557 936,2557 952,2557 1106,2569 1109,2569 1286,2553 1300,2553 1304,2553 1355,2566 1357,2566 1359,2566 1362,2566 1364,2566 1382,2553 1433,2562 1435,2562 1546,2548 1548,2518 1541,2479 1380,2490 1320,2481 1306,2479 1304,2479 1283,2481 1173,2497 1102,2497 1083,2484 1083,2481 1081,2481 1079,2481 1076,2481 1060,2484 996,2495 964,2484 959,2484 957,2484 954,2484 952,2484 950,2484 924,2495 865,2486 849,2484 846,2484 844,2484 842,2484 842,2486 839,2486 830,2497 803,2486 800,2486 798,2486 796,2486 782,2486 658,2500 524,2488 473,2486 471,2486 469,2486 450,2490 423,2497 414,2490 409,2486 407,2486 404,2486 402,2486"/>
        <Baseline points="108,2536 984,2541 1548,2518"/>
        <TextEquiv conf="0.9870575779960269">
          <Unicode>duques plus grandet elise ne poton agarder</Unicode>
        </TextEquiv>
      </TextLine>

      
      
      <TextLine id="eSc_line_789f079f" custom="structure {type:default;}">
        <Coords points="121,2592 121,2624 1293,2617 1295,2587 1288,2550 1005,2559 957,2548 941,2546 938,2546 936,2546 927,2548 892,2562 789,2550 786,2550 784,2550 782,2550 766,2564 623,2564 520,2548 515,2548 513,2548 510,2548 508,2548 508,2550 494,2564 296,2564 248,2548 246,2548 243,2548 241,2548 195,2562 119,2548 121,2592"/>
        <Baseline points="121,2592 729,2605 1295,2587"/>
        <TextEquiv conf="0.9804474824183697">
          <Unicode>u non sainte sousse le uolt onordenez</Unicode>
        </TextEquiv>
      </TextLine>

      
      
      <TextLine id="eSc_line_12278ee9" custom="structure {type:default;}">
        <Coords points="839,2603 837,2603 819,2605 699,2617 655,2605 646,2605 641,2603 641,2605 628,2619 432,2619 345,2605 331,2603 329,2603 326,2603 319,2605 273,2617 257,2605 257,2603 255,2603 253,2603 250,2603 117,2603 119,2649 119,2679 814,2686 816,2686 819,2686 821,2686 821,2684 830,2677 846,2686 849,2686 851,2686 853,2686 961,2674 991,2672 1000,2674 1033,2684 1035,2684 1037,2686 1352,2686 1352,2684 1502,2670 1504,2645 1500,2605 952,2605 950,2605 876,2617 846,2605 842,2603 839,2603"/>
        <Baseline points="119,2649 835,2658 1504,2645"/>
        <TextEquiv conf="0.9757266885195023">
          <Unicode>le fe demporeu mais tant uelt dieu amer</Unicode>
        </TextEquiv>
      </TextLine>

      
      
      <TextLine id="eSc_line_dcf5afff" custom="structure {type:default;}">
        <Coords points="144,2704 144,2743 418,2737 480,2741 598,2753 600,2753 602,2753 644,2741 655,2737 658,2741 667,2748 669,2748 671,2748 855,2753 858,2753 860,2753 862,2753 878,2739 883,2737 892,2739 950,2748 952,2748 954,2748 989,2737 998,2734 1010,2737 1035,2746 1037,2746 1040,2746 1109,2737 1125,2734 1127,2737 1145,2748 1148,2748 1150,2748 1152,2748 1214,2734 1219,2734 1221,2734 1235,2748 1235,2750 1237,2750 1240,2750 1242,2753 1373,2753 1373,2750 1375,2750 1378,2750 1378,2748 1394,2734 1451,2734 1454,2709 1447,2668 453,2677 361,2665 358,2665 356,2665 354,2665 331,2677 257,2665 255,2665 253,2665 250,2665 218,2677 142,2665 144,2704"/>
        <Baseline points="144,2704 593,2720 1454,2709"/>
        <TextEquiv conf="0.9883056631902369">
          <Unicode>uelle saintefra bon en fait a diru penser</Unicode>
        </TextEquiv>
      </TextLine>

      
      
      <TextLine id="eSc_line_dc258cb3" custom="structure {type:default;}">
        <Coords points="110,2778 112,2806 140,2792 266,2803 269,2803 453,2792 471,2803 476,2806 478,2806 480,2806 483,2806 529,2803 674,2789 768,2801 798,2803 800,2803 803,2803 805,2803 809,2801 826,2789 895,2799 913,2801 915,2801 918,2801 927,2799 973,2787 1005,2799 1019,2803 1021,2803 1023,2806 1138,2806 1138,2803 1141,2803 1143,2803 1143,2801 1148,2796 1159,2787 1194,2796 1201,2799 1203,2799 1205,2799 1208,2799 1210,2799 1210,2796 1219,2789 1226,2796 1233,2801 1233,2803 1235,2803 1237,2803 1240,2803 1405,2794 1408,2771 1403,2741 1249,2741 1247,2739 1231,2723 1231,2720 1228,2720 1226,2720 1224,2720 1221,2720 1171,2734 1134,2720 1132,2720 1129,2720 1044,2732 1010,2723 1007,2723 1005,2723 1003,2723 980,2737 968,2741 954,2734 924,2723 922,2723 920,2723 814,2734 743,2741 699,2732 651,2723 648,2723 600,2732 538,2743 506,2730 492,2725 490,2725 487,2725 485,2725 471,2730 441,2743 416,2730 407,2725 404,2725 363,2725 361,2725 358,2725 356,2725 356,2727 354,2730 338,2743 294,2730 292,2730 289,2730 197,2743 108,2727 110,2778"/>
        <Baseline points="110,2778 1408,2771"/>
        <TextEquiv conf="0.9782125651836395">
          <Unicode>deuant le sainte fierte ou se fist esleuer</Unicode>
        </TextEquiv>
      </TextLine>

      
      
      <TextLine id="eSc_line_57007cbf" custom="structure {type:default;}">
        <Coords points="947,2776 945,2776 943,2776 941,2776 938,2776 936,2776 892,2787 826,2776 823,2776 812,2776 809,2776 796,2778 724,2789 713,2780 713,2778 710,2778 708,2778 706,2778 704,2778 658,2789 133,2780 135,2824 135,2852 1477,2845 1477,2819 1470,2776 1392,2787 1309,2776 1304,2776 1302,2776 1300,2776 1263,2787 1217,2776 1214,2776 1212,2776 1210,2776 1203,2776 1118,2787 1099,2776 1097,2776 1095,2776 1092,2776 1081,2776 977,2787 950,2776 947,2776"/>
        <Baseline points="135,2824 1477,2819"/>
        <TextEquiv conf="0.9464900124640692">
          <Unicode>oit on Ee digue chierhe espresreet aluuuer</Unicode>
        </TextEquiv>
      </TextLine>

      
      
      <TextLine id="eSc_line_06313a8f" custom="structure {type:default;}">
        <Coords points="144,2870 142,2895 156,2904 158,2904 161,2904 163,2904 250,2891 262,2891 306,2891 308,2893 319,2902 319,2904 322,2904 324,2904 326,2904 430,2893 437,2893 439,2893 453,2907 455,2907 457,2907 460,2909 591,2909 591,2907 593,2907 595,2907 609,2895 612,2893 625,2895 699,2907 701,2907 704,2907 738,2895 752,2893 770,2895 814,2904 816,2904 920,2898 961,2895 966,2898 975,2907 975,2909 977,2909 980,2909 982,2909 1525,2902 1527,2868 1525,2831 1364,2831 1362,2831 1359,2831 1325,2845 1293,2831 1290,2831 1288,2831 1283,2831 1182,2845 1014,2845 989,2831 982,2829 980,2829 918,2829 915,2829 913,2829 911,2829 908,2831 892,2842 844,2831 826,2829 823,2829 800,2833 754,2842 635,2842 625,2833 621,2829 618,2829 616,2829 614,2829 612,2829 609,2829 605,2833 591,2840 549,2833 522,2829 520,2829 517,2829 508,2833 492,2840 144,2835 144,2870"/>
        <Baseline points="144,2870 1346,2879 1527,2868"/>
        <TextEquiv conf="0.9591546387244494">
          <Unicode>ii me groite matere me uoulray Ecouruer</Unicode>
        </TextEquiv>
      </TextLine>

      
      
      <TextLine id="eSc_line_1aab2331" custom="structure {type:default;}">
        <Coords points="156,2932 154,2957 253,2969 255,2969 257,2969 260,2969 276,2957 285,2953 368,2953 391,2957 453,2971 455,2971 457,2971 460,2971 478,2957 531,2966 533,2966 536,2966 561,2955 568,2953 572,2955 591,2971 593,2971 595,2971 598,2973 687,2973 687,2971 690,2971 692,2971 715,2955 717,2953 722,2955 754,2971 757,2971 759,2971 761,2971 826,2955 835,2953 842,2955 897,2971 899,2971 901,2971 982,2957 1000,2971 1003,2971 1005,2971 1007,2971 1010,2971 1072,2955 1095,2971 1097,2971 1099,2971 1102,2971 1104,2971 1145,2955 1313,2966 1316,2966 1318,2966 1364,2950 1366,2934 1364,2900 1201,2900 1198,2898 1189,2888 1189,2886 1187,2886 1184,2886 1182,2886 1129,2898 1118,2898 156,2888 156,2932"/>
        <Baseline points="156,2932 1366,2934"/>
        <TextEquiv conf="0.9746978980738942">
          <Unicode>aoit anchoues fist les .iiii dieux liurer</Unicode>
        </TextEquiv>
      </TextLine>

      
      
      <TextLine id="eSc_line_a1384dea" custom="structure {type:default;}">
        <Coords points="184,3045 181,3072 441,3065 467,3075 473,3077 476,3077 478,3077 480,3077 483,3077 485,3075 497,3065 549,3075 579,3079 582,3079 651,3075 710,3070 780,3075 913,3081 915,3081 918,3081 947,3072 961,3070 1005,3072 1113,3081 1115,3081 1118,3081 1141,3072 1148,3070 1194,3072 1371,3084 1373,3084 1514,3070 1516,3054 1514,2999 1398,2999 1396,2999 1394,2999 1392,2999 1373,3012 1235,2999 1231,2999 1228,2999 1226,2999 1191,3015 858,3015 839,2999 835,2994 832,2994 830,2994 828,2994 826,2994 812,2999 780,3010 710,2999 690,2996 687,2996 664,2999 586,3010 508,2999 467,2994 464,2994 462,2994 446,2999 427,3006 184,3001 184,3045"/>
        <Baseline points="184,3045 1516,3054"/>
        <TextEquiv conf="0.9583976752049214">
          <Unicode>es grus qui les uout partir ⁊ decoper</Unicode>
        </TextEquiv>
      </TextLine>

      
      
      <TextLine id="eSc_line_9beac308" custom="structure {type:default;}">
        <Coords points="161,3098 158,3121 1076,3144 1079,3144 1256,3134 1283,3146 1286,3146 1288,3146 1484,3132 1486,3114 1486,3065 1382,3063 1380,3063 1378,3063 1375,3063 1359,3075 1334,3063 1332,3063 1329,3063 1327,3063 1302,3063 1184,3072 1143,3063 1125,3061 1122,3061 1120,3061 1109,3063 1081,3072 1063,3063 1053,3058 1051,3058 1049,3058 982,3063 895,3070 715,3063 490,3054 487,3054 485,3054 462,3063 453,3065 444,3063 411,3052 409,3052 407,3052 404,3052 381,3063 379,3063 370,3063 303,3052 301,3052 161,3061 161,3098"/>
        <Baseline points="161,3098 768,3114 1486,3114"/>
        <TextEquiv conf="0.9880467121665543">
          <Unicode>pins uolt ou pabais authomes Retẽner</Unicode>
        </TextEquiv>
      </TextLine>

      
      
      <TextLine id="eSc_line_e4340db7" custom="structure {type:default;}">
        <Coords points="1341,3116 1339,3116 1336,3116 1334,3116 1293,3130 1019,3130 977,3116 959,3116 936,3116 913,3116 897,3116 612,3125 598,3114 595,3114 593,3114 591,3114 421,3123 409,3114 409,3111 407,3111 404,3111 329,3111 326,3111 324,3111 287,3123 200,3109 200,3157 197,3185 294,3173 566,3173 582,3185 589,3190 591,3190 593,3190 595,3190 598,3190 612,3185 625,3178 658,3183 694,3190 697,3190 699,3190 701,3190 708,3183 720,3176 759,3183 826,3194 828,3194 830,3194 865,3183 883,3176 987,3176 994,3180 1028,3196 1030,3196 1033,3196 1109,3185 1164,3196 1166,3196 1168,3196 1219,3180 1267,3196 1270,3196 1272,3199 1385,3199 1385,3196 1387,3196 1424,3176 1426,3164 1421,3116 1359,3127 1343,3116 1341,3116"/>
        <Baseline points="200,3157 1426,3164"/>
        <TextEquiv conf="0.980468344044041">
          <Unicode>La tranna lieury qui ne pouoit cesser</Unicode>
        </TextEquiv>
      </TextLine>

      
      
      <TextLine id="eSc_line_24089e9f" custom="structure {type:default;}">
        <Coords points="124,3247 188,3249 234,3272 236,3272 239,3272 241,3272 287,3256 409,3272 411,3272 414,3272 416,3272 448,3252 460,3252 492,3254 508,3272 508,3275 510,3275 513,3275 515,3277 773,3277 773,3275 775,3275 828,3256 832,3254 837,3256 862,3268 865,3268 867,3268 950,3256 959,3256 961,3256 987,3277 989,3277 991,3277 994,3277 996,3277 1058,3259 1067,3256 1180,3256 1189,3261 1219,3272 1221,3272 1224,3272 1325,3261 1355,3259 1371,3261 1435,3279 1438,3279 1440,3279 1601,3263 1603,3224 1601,3190 1520,3173 1518,3173 1516,3173 1491,3187 1488,3187 1184,3187 1166,3180 1118,3167 1115,3167 1113,3167 1111,3167 1065,3178 1037,3185 1019,3178 996,3167 994,3167 991,3167 989,3167 954,3176 945,3178 929,3176 862,3164 860,3164 858,3164 837,3173 819,3185 782,3185 766,3173 757,3164 754,3164 752,3164 750,3164 747,3164 731,3171 708,3183 683,3171 667,3164 664,3164 662,3164 623,3169 595,3173 552,3169 494,3162 492,3162 490,3162 469,3167 441,3173 432,3167 427,3162 425,3162 423,3162 317,3162 315,3162 301,3164 211,3180 197,3169 195,3169 193,3169 190,3169 188,3169 154,3178 131,3160 126,3215 124,3247"/>
        <Baseline points="126,3215 1603,3224"/>
        <TextEquiv conf="0.9560298338169004">
          <Unicode>de paller a plaisanche le rome au me cler</Unicode>
        </TextEquiv>
      </TextLine>

      
    </TextRegion>
    
    <TextRegion id="eSc_textblock_15db59cf"  custom="structure {type:text;}">
      <Coords points="1576,818 1652,837 1652,908 1507,917 1497,855 1576,818"/>
      
    </TextRegion>
    
    <TextRegion id="eSc_textblock_49b6d185"  custom="structure {type:text;}">
      <Coords points="1686,2428 1698,2428 1698,2472 1682,2463 1686,2428"/>
      
    </TextRegion>
    

    
    <TextRegion id="eSc_dummyblock_">
    
    
      <TextLine id="eSc_line_5e01b65b" custom="structure {type:default;}">
        <Coords points="1431,802 1433,848 1447,844 1447,802 1445,747 1431,747 1431,802"/>
        <Baseline points="1431,802 1447,802"/>
        <TextEquiv>
          <Unicode></Unicode>
        </TextEquiv>
      </TextLine>

    
    </TextRegion>
    
  </Page>
</PcGts>
