3104 4140
1343 673 2471 786 Ie croy quil uoꝰ fera ⁊ secours et aie
1359 733 1389 791 F
1401 733 2473 830 t lions qui estoit en be boutillerie
1343 777 2802 892 uant uit le bõne grut quausy estoit hõme
1339 832 2809 940 Et quil moroient de fain ainsy sur le cau chie
1332 885 2595 977 autost a fait crisz quil ne satarge nus
1332 931 2600 1021 ue uenra a le court il ara unt sur li
1334 977 2802 1085 Et apain et char plente pour soustenir se uie
1325 1021 2802 1140 lors unerent a le court chil de le uille auchie
1325 1081 2722 1179 Fascuns en rapertot une grant escourchie
1309 1124 2664 1235 Et plain un pot de uin q le bontilezu
1495 1182 2685 1278 sy par le chite dout ie fay mension
1433 1223 2793 1320 de parti les aumosues a forche ega banden
1329 1271 2567 1352 Ey gentieux da maisiaux ꝯ apeloit lion
1306 1331 2786 1400 Cascuns en raportoit d uin plain un pochon
1316 1375 2650 1446 fer pani et cliar kastont p lani son giron
1313 1419 2439 1499 Ale courił un chle baron t y auoit
1295 1465 2646 1559 Qui ot este pps panen deuant en le saison
1316 1520 2416 1607 ꝑ couseil le roue estoit en sen non
1343 1573 2756 1662 l uokeoit en dien non plin que ui neouton
1293 1623 2745 1711 Chreux auoit grant eumie dessus le dansellon
1281 1672 2655 1759 pour che quil ert monten en cel possession
1290 1722 2611 1810 Et quil auoit le grasse de le gent em loi
1352 1773 2804 1874 hieux uint audamoisel un pour dassension
1311 1828 2583 1902 Et quus ly istria amoult haulte Raisoi
1274 1867 2899 1959 uous estes moult hardis sieur aputain gbonton
1283 1922 2471 1989 Eui metes le aomi atel perdision
1270 1964 2933 2044 Par tamps narons que uiure la dame et sy baron
1274 2014 1350 2083 G.
1447 2010 2625 2088 es counerra rendre a che coute feloi
1254 2053 2514 2136 Sire che dist ly enfes que ot on anob
1274 2106 2588 2194 Or ne me clames pplus taitri ne felen
1283 2159 2708 2263 Car par chgluy seigneur que souffey passion
1419 2221 2604 2316 oꝰ donde Ia til iopde chi uaton
1267 2281 2708 2362 Eur ie uous geueroie le guer ⁊ le põmon
1300 2334 2609 2408 epouregent meuue dele uille denois
1274 2385 2680 2474 Deuffrent pour le roure grande deskuction
1316 2442 2735 2527 he nest pas pour leur frat neleur condision
1256 2495 2788 2599 Chest par le fait me dame et par sen ocoison
1256 2550 2634 2635 Moult uolentiers enissent pais et acordison
1300 2615 2609 2693 et quant pous li coun Il ont tel marison
1318 2670 2834 2755 hest ben drois son leur ede selonc mentension
1277 2725 2834 2819 Des uienr ale roine puis quil en ont besoinct
1274 2776 2788 2875 Iq nen a rout disetre tant quan un seul iapoit
1263 2829 2788 2921 En chois desparueraige nẽ ayent le marchon
1258 2877 2577 2957 ul moroient d fain tant quaiertariuson
1281 2930 2722 3022 y permnes en seroit sur moy ut en mennon
1254 2971 2432 3077 ne Ia de Iliũcaist nen aroie pardoii
2567 3495 2933 3638 arsos
