3104 4140
340 740 1757 832 elle amour mondame que caruelle est clamee
207 802 1451 887 due ly rois ayme le grant uertu distre
1479 809 2040 903 Te grari de uocorpe
204 860 2006 972 qui li puist esporiser gõme se mariee nẽ ł. ist Inꝑpetret
207 917 1074 1002 Et ieser auent lys se deitinee
207 968 1327 1064 Ia par luy ne sera uo chue conforter
243 1009 1571 1117 res frans apostolin ce dist in cardinaulx
197 1081 1721 1175 CRois anthomes uous mande par mos españx
188 1143 1619 1232 Se ne ly donnes grace uous qui estes roiaux
227 1205 1504 1281 Et ienes le lieu dieu en siege madcestaixo
207 1255 1721 1338 Quil puist auoir se sille et estre auent ly uaix
207 1308 1562 1407 smisy que se moulier esponser par amaixo
211 1373 1601 1472 Et faire sen uoloir dont ardans est et caux
213 1435 1497 1540 ia ne uous aꝑdera ꝯtre les paiens faips
213 1494 1601 1589 dieux dist ly apostle ꝯme il pense qe maux
209 1552 1776 1651 suant au corps de se filli uoeult faire ses remaux
230 1623 1647 1711 he ne couuoita ouques ne uois ne amiriaux
218 1674 1502 1782 a donques a parle ly uns de ches liegaipo
202 1745 1362 1837 Sires peres en terre ⁊ dieuxx especiaux
202 1793 1711 1902 ouuerains de ce monde che ly dist che uaissaux
213 1856 1840 1961 Tant est ly rois authomes qprens hardis et miaux
207 1915 1451 1996 Que se nous ne lauous a faire nos assaux
213 1971 1523 2065 sarrasins prenderont de rõme les muriaux
211 2030 1642 2129 Otroies luy che don que nest mie moult biaux
209 2083 1744 2196 Car se uous nele faites ql nous en uerra maux
197 2139 1652 2244 Deigneur dist lapostole che nest mie Remaixx
202 2201 1612 2304 Mes puis que le uoles uostre est mes seaux
207 2258 1491 2364 Or ly maudes que tost fache ses aparaixx
211 2323 1626 2435 Et que sil me deliure des paiens desloiaux
195 2392 1514 2490 Ie ly douray la grache de faire se Remanx
285 2454 1231 2546 assy ln apostoles celle iose acorda
246 2511 1562 2592 oriche roy authoine le besongne manda
230 2573 1564 2661 Etu le uienge uencder ou pouoir que il a
218 2635 1396 2737 Ain qui le deliure du siege que est la
223 2697 1518 2789 Que descouser se fille le conget ly dõna
218 2748 1622 2858 Et ly me saides sen parry que le brief emporta
179 2806 1488 2930 Iusqua constantioble poult ne sy af aresta
207 2863 1645 2999 La trouna roy authomne que moult hault salua
241 2941 1415 3042 Et puis yuellement le briep ly deliuira
181 3012 1293 3141 ⁊ le roy le lisy que clert ny demanda
