3104 4140
202 956 1486 1041 out le roy amaury qui estoit on prison
186 1023 1548 1120 en deuen au matin Crs que le iour uiton
243 1087 1283 1170 le ya Roy lurcat a se malacchon
158 1138 1433 1221 aourn fist uenir la hault enl oie douhon
250 1193 1389 1274 on l amena plin de grant margen
271 1228 1587 1338 lyortãe le Regrade aui coraige et felon
190 1292 1323 1396 ⁊ puis ly escrice a treshante crason
179 1350 1447 1449 hassaux ce suiz moult lirs en ma qeision
248 1405 1514 1524 else que Ie uaus tient en macrossession
204 1472 1325 1577 ir on me dist aussy ne feray celison
202 1508 1580 1639 uen le mer o chi fisstel mon frire le baron
163 1584 1488 1688 auuiral d paleruet qui tant at Ce Regnon
163 1649 1645 1736 ire Ast amouris en non de dieu che fur mon
167 1711 1532 1789 a ne le celeray pat sieu et par sen non
200 1754 1665 1835 ar Ie suy ly prinrs qui fun eul ou dromon
161 1803 1392 1890 e ceste ly copay. et dessons le menton
163 1860 1615 1950 dar mahon dist hurtaux nroire ne le doit on
197 1918 1445 2003 leinssars oc chil par aucune cooi ocoison
331 1971 1408 2056 dissien mie pour tout lor salomon
202 2019 1458 2111 uoy que doul ayes fait enuers moy traion
167 2070 1260 2162 de crone uous uoles apolui et maioi
161 2125 1541 2226 et crengier uo dieugue ne uault un uouton
181 2180 1435 2272 ous aies che scachia de mort salnanoi
165 2242 1527 2325 t se uous ne cre es li mien dieu baraton
289 2297 1546 2387 uous ueran iustichie ains telle ne uiton
138 2343 1458 2444 nul aus eliy en auant en ort faite canchon
142 2401 1352 2490 ire dist amouris Ie nen dõne un bontoit
135 2456 1497 2543 car puuais ne creray en uostre dieu mabon
165 2511 1576 2617 aites de moy tout che quil uous emt a bou
255 2569 1389 2663 sy nen parles plus dle sy faite raison
140 2626 1394 2718 luns me sairoie ardoir sur unfeude carbon
144 2677 1440 2783 due ceuy Renoyasse qui soussry passion
165 2737 186 2808 ;
200 2739 250 2806 ii
269 2730 1463 2831 le saintisut croit pout u Redempton
161 2789 1649 2881 dar malon dist qurtaux cuer aues se brran
161 2838 1447 2939 ious en Rpelisren en bien comte saison
158 2881 1541 2989 at ia uen prai deray de uostre mort ⟦renchon
264 2948 1553 3045 restiens dist quitaux ne uenssoi aoure
241 2996 1553 3100 malõmet nostre Aeit qui tant fait a loer
172 3052 1566 3171 kay se tu les uois com il font a doubter
165 3104 1362 3219 õment ie les ay fait de fui ol esteser
248 3183 1550 3291 aur te mouuera selont le utien qenser
1882 984 2006 1101 1126
