3104 4140
1408 1025 2846 1120 Mais sil ne le creoit de che fait grant folie
1449 1085 2634 1175 Lar ly dame loiaux les porta une fie
1403 1140 2864 1212 Par tampps Rasamblera le douche ꝯpaigme
1479 1200 2857 1269 e quoy telle qute ꝑ uous en ert Retraitie
2917 1207 2942 1262 1
1504 1237 2963 1324 ne cheux sera mourt dure sa lors ne larmie
1438 1288 2954 1389 O diches roi authouren dont ie uoue senefie
1403 1343 2653 1444 Pour briges assalir celle uille garme
1419 1405 2701 1497 Or dena ses batauler a une aube esclarie
1445 1467 2795 1559 archemesque d. tours le premere maistrie
1456 1513 2793 1609 Car il pooit de droit sy com listoire crie
1433 1568 2880 1665 Tanter le dieu mestier les armures uesties
1454 1621 2772 1720 l fu conte palais et hantainben ciergie
1412 1683 2634 1777 Se cerse marcisit a le gent paiemmne
1433 1729 2860 1828 De mainte noit les armes toute a se ꝯmandie
1433 1798 2699 1897 on mest̾ y auoit o tampe dont seuefi
1389 1853 2843 1952 proir cel archeuesque ene bataille aygrie
1431 1920 2797 2012 Martuis ly siens fileux ou tant ot ouetoise
1447 1980 2655 2072 pree martu a la abrisit ie uous affie
1562 2037 2919 2122 ly abis̾ ua apries que moult en dieu se fie
1415 2093 2919 2175 Iuis out lassault coruet et le gent paiemne
1419 2150 2728 2226 Pe coururent armer quant le noise out oue
1421 2191 2894 2290 Il rostiaux uout courant cõme gent esragie
1415 2254 2705 2327 Sassaux cõmecha et ly qrane araiie
1398 2313 2745 2396 ꝓn quee sy grauĩ ne fu en al mortel uie
1385 2323 1415 2426 3
1486 2369 2871 2454 lus deu uolent quarel que nerhe qui neme
1516 2428 2832 2513 es espringales traient desuir le praierie
1435 2484 2830 2564 Flyl engien uout Ietant manctep Re polie
1398 2550 2710 2612 gnara suza fu lassus as uestiaux seusonie
1408 2587 2710 2663 Dun arba lestre gront bien en set le maistri
1403 2626 2632 2711 suns iel ar dalistre not qusque aere die
1394 2668 2671 2762 Ie estoit grans et fore sot clpere Resogme
1396 2720 2848 2817 nio aent ua mandissant de fon dieu cuainte fie
1426 2778 2676 2863 Et gent crestien assalẽt ꝯ gent amant me
1502 2824 2993 2916 ygueur Par deuant bruches y ot assault ꝙlemer
1481 2881 3009 2983 Chil des clestiaux ietoient caullant sans esparg
1389 2934 1755 3019 Et traient
1806 2948 2961 3040 springales pour no genti damagur
1398 2996 2751 3086 Eet deloie uout trerant no bon arbalestrier
1408 3047 2692 3153 emplisent les fosses a forche ln ouurier
1403 3109 2613 3210 pans marien apoitent apiet ly sausoier
1389 3157 2841 3261 Onques nus hous ne uit ie croy assault sirfier
1389 3213 2745 3314 Mes nulemẽt on nose les portes aprochier
1385 3270 3030 3399 pour les qua niaux qu uolent ꝯme ꝙlenne enpeu
