3104 4140
154 653 1523 745 ffre bñ aprouuer quẽ che palais entier
94 715 1525 814 ecure leg mouste paur fa de dian
335 791 1817 873 uiurent chy yo mesag ame sourt desramer
103 848 1654 926 Et me duout en hault che scachies sans cuidier
128 903 1583 995 ue uout̾ me faissies chy ches lettres enuoier
121 965 1472 1055 r regardez sont cõment iasaisse laissier
230 1025 1281 1104 Cure le rome a mort mortefier
147 1078 1753 1184 rois lipy les lettrel ⁊ deuant etderie saingnier
117 1147 1725 1267 dt quant A lẽs ot lentes sy se prine asmer
138 1216 1387 1327 in la ueist le Roy teurement laruna
142 1283 1546 1400 et detordie ses pouins et ses chemaux saqͥer
128 1352 1767 1478 rien pennst dire et korre ⁊ pour uiay tesmoignier
80 1428 1642 1538 Par fay chroux nobles Rois ama moult se moulier
96 1497 1546 1612 Et se mere ly uulle ly õmenche arrier
135 1582 1780 1697 diux fienx que ne faistu pondre che lozenher
80 1658 1417 1754 tui fist le uelle elame ardoir et grilier
119 1731 1748 1830 Et set deux biaips enfans on te doibt bien moquir
98 1803 1633 1890 Lame che dist ly roit tout che deurs laissier
147 1862 1401 1964 e le scay demander le monte dun dener
138 1922 1776 2028 Dar ches lettres ne piis se mort en Rieus iugier
124 1991 1797 2102 les Ii feray ardoir le preuuer lese giel mesactier
121 2056 1405 2168 Au ly papet de Rõmr fist y chy enuoier
140 2136 1405 2242 papes ma cray il acuer lozon gur
133 2205 1638 2318 y papelde rõine dieux te doust eicõbrier
133 2288 1700 2410 ausse ment mas tray che Poeult on tesmoigniez
138 2366 1612 2467 Nes par che luy seineur que tout a aiugier
115 2433 1560 2520 amanderax mies hõmieli ⁊ auaut ecana
121 2493 1401 2592 Et paus se men pray ta chite essillier
108 2571 1548 2665 ie iamais par decha ne uray Repairier
108 2640 1622 2743 Sant que iaray fait aõme ardoir et essillier
105 2709 1320 2819 iapostole firan a fourques balier
158 2778 1502 2884 t trestoit be clergiet ardoi et exillier
133 2845 1695 2955 ar ialay se uon suer pour la postole aidier
101 2914 1495 3042 Et na fait morir chr ly quauoie chier
