3104 4140
1421 533 2982 680 Ruat li rois uint a lui lenfes le fist uint ruz
1410 598 3021 768 Par le uoloir de dieu qui en le crois fut uun
1394 777 3018 945 plouroit moult teuremet car fain ly estoi pas
1569 731 1626 827 X
1916 765 2685 869 entre ou ly enses petis
1514 869 2843 991 fois qui fu deuans en entendy bes dis
1401 913 2077 1009 L broclre le cheual
1403 979 2754 1097 Et a trouue lenfant qui su moult esbalis
2119 945 2781 1046 est celle part uertis
1412 1035 2733 1159 Du ꝯoerant estoit enuoleppes et mis
1421 1099 2814 1219 Et ou dieron d pulle qui egotaor uats
1424 1161 2139 1262 uant ly cois le uit
1396 1225 2949 1357 roult en ot grant meruelle que leuferachẽsis
2277 1193 2761 1294 su tout̃ esmaris
1396 1278 2572 1396 ly rioit de bon cuer ⁊ sestoit sy pet
1401 1334 2814 1455 enfel che dist ly roil te mere mestains
1380 1398 3007 1513 La moult petit ame quant chy en droit ta mis
1403 1453 2913 1566 Res foy que doy malon aqui Ie suy subgut
1398 1522 2793 1621 amais ue de faury tant que Ie soir uis
1419 1573 2878 1681 l cõmande ase gent que dy euses soit qris
1456 1635 2689 1724 a une noriche ql soit rchemẽt imi
1346 1685 2763 1782 Dout apela ly pois les barons popans
1387 1743 2892 1835 deigneur che dist ly rois eutezs ames dis
1357 1800 2768 1904 Qug enfant ay trouue y chy aches laiis
1523 1849 2816 1966 st liz rois cloeis seigneur or emedes
1486 1911 3030 2035 oiuent fet serachus enfel doren auãtnõmet
1355 1961 2816 2076 Sus cheualiere parla ꝯuimoult ly su prmes
1334 2019 2593 2120 Et dist a cloeuns sare rois conrones
1364 2081 2853 2189 Le non de cost enfant dray se uous uoles
1371 2145 2512 2235 egiers est asauoir se uous y en
1398 2203 2498 2295 ⁊ est oclr diur pzeraa entolez
2664 2196 2708 2290 S
1474 2263 2664 2357 eg qui iezerant set pely apeles
1389 2357 2998 2500 ar choues Dois nous se chou est le ure gres
1845 2325 2047 2392 e
1369 2410 2814 2559 et ly pois bespondy sy ꝯ uous cõmandes
1352 2479 2740 2605 czrantot anon puis que le me lo es
1352 2523 2765 2679 en fement fu ly enfes Iazerant apeles
1341 2580 2899 2739 des nous de par deuant ly Ia petis mues
1380 2647 2970 2808 ar iezerant ot mon quant ds fous fuleurs
1339 2697 2984 2858 ranon pezerans chieux nous dy su Remes
1343 2762 2682 2888 uscrtant aul fu cõguens et painses
1286 2822 2970 2978 Ou roy constant seit pere ⁊ de se moreapres
1295 2879 2784 3035 Pr cray de clorlus sentendre mie uoley
1277 2937 2464 3075 Iusqua rõme fon ua dont grans
1394 3006 2820 3164 t quuis quant ot uenq les murs et
2533 3001 2952 3102 est ly chils
