3104 4140
213 673 1525 788 Cent nulle crestiens cõduisoit li marchis
227 747 1350 837 ꝙes a .iiiiͤ mille de paient meleiez
225 795 1495 899 lle ꝯbaty che iour se noꝰ dist li escrips
220 860 1424 952 ꝙes de bien assalir les a ament uis
220 906 1594 1009 Cascun de hardement auoit le ceur espris
220 963 1599 1060 Lla cõtent a leur uie uaillant deux paresuz
220 1023 1546 1122 Car le fRoy les en orte de bñ faire tondis
223 1081 1578 1179 Encques ny ot cheluy qui ne soit a astis
239 1143 1481 1232 t dochire le sien ne se soit entre mis
207 1177 2114 1299 elistandart fout cõdiure coutre les arrabis A force aloir deuãt
1573 1253 2114 1389 li fors Pis pestais
248 1255 1516 1352 trt iure Ihũ crist qui en le crois fu mis
223 1304 1532 1416 Quil uainquira lestour ou il sera ochuz
209 1352 1684 1469 Quit sien neyueu axelle auchaines li marchus
211 1414 1594 1522 Richiers auoit a nom li Rois li dist amis
220 1469 1622 1586 uoꝰ istes nos consins et de nosz sangz nasquis
227 1527 1661 1630 Tenes uoꝰ a men frain frans demoiscaux gẽtis
218 1586 1686 1681 Car iay fianche en uoꝰ plus quĩ toꝰ mes omu
211 1644 1578 1747 Sire che dist slichiers laissier ester uos diez
218 1701 1534 1800 Car huy ne uoꝰ seray prochains ne edis
207 1752 1589 1858 Pas ne uoꝰ combates as payens malers
211 1805 1737 1904 Po uengur le seigneur qui en le urois su amiz
223 1862 1792 1977 Auis est pour le pequiet dont troy estes espris
223 1934 1514 2017 Car uous estes es las des felons ane mis
227 1987 1474 2079 Que uolles espouser ur̃e fille gentus
225 2042 1546 2145 Hors de dieu et de foy estes en soy bains
218 2106 1530 2205 Uoꝰ estes au diable et Rendus et subgiss
225 2168 1205 2260 Et a uo c̾atour estes uoꝰ auemiiz
232 2219 1709 2318 Cor es ou nom de luy naues pasz lestour prisr
230 2279 1543 2378 Auis est poͬ de chepuoir ur̃e fille de prie
232 2348 1859 2444 aqui uoꝰ uolles estre oultre daison quugmarit
239 2405 1527 2493 Ia il ne plaise a dieu le sloy de paradis
220 2467 1594 2553 Que uoꝰꝰ soises de moy en bataille serms
209 2518 1787 2617 Iayme mieulx que Ie niuire en ẜuãt Ihũcris
227 2582 1679 2677 Que nis cousidie uoye qui tãt a cler le uis
216 2642 1783 2734 Gesir auᷤ son pere che nest point ses poursuz
220 2707 1631 2785 Dour se furt en lestour cõtre les auemu
216 2764 1468 2840 Par itel couuenẽt est en bataille muiz
232 2819 1739 2911 Conques puisz ne le uit hõme de mere uuz
241 2872 1601 2960 Car il fie de paiiens adout a se fun mis
230 2939 1617 3072 Ie batiulle fie guisorte et grande ly ferais
