3104 4140
322 963 1336 1062 deus troys ioirs trespussiras
207 965 248 1120 E
262 1021 1021 1117 t de che sirele parterae
303 1069 1263 1163 ame dist langle enteng amoy
312 1120 1267 1214 Que uous nande Ihũe le Roy
292 1177 1290 1269 chy un dray a grint ualoir
326 1239 1076 1320 quoy mande li coentour
243 1290 1221 1373 ueͬ uous corps sont enseueliẽ
269 1345 1109 1426 t par dedens posys et ame
225 1391 1263 1478 ꝑechy un Ran de grant ualour
250 1444 1042 1515 du Iete clarte et luour
216 1497 1033 1575 Deuant uestre biere sera
195 1547 1076 1623 porte quait a qhurql yza
248 1584 1295 1678 uant le uiergene oy le misaige
241 1644 1046 1736 Tui ly dist parole si sauiz
200 1701 1231 1789 Iuoult humblement Wy despondy
319 1761 1288 1846 eta mon enfantr a coyquerchy
266 1819 1104 1906 i ma son messaige enuoie
250 1874 1187 1957 ar iauoye mon cuerpuelie
269 1934 1180 2026 et farnient estoie esmane
236 1989 1267 2083 de choque taint auauoit lassu.
250 2049 1060 2132 dr suy au tour asseurie
273 2109 1141 2185 ⁊ amon cuer qsconfortoe
255 2152 1240 2247 ors en soit mon geradouli filz
289 2210 1281 2295 in est sy humubleu et sy pareiys
296 2270 1150 2362 uant ly est souuenu de nuy
216 2332 1235 2433 De dront mon cuer le armertlin
315 2364 1297 2474 ugle dist ly uiergene de pris
326 2426 1180 2523 .xuii ami ha toua a complm̃
273 2488 1366 2582 neqoi duy que atench sa uenue
335 2541 1251 2635 mas taute ioi Rendue
326 2601 991 2686 oie deuant en taistnr
345 2649 1102 2750 uy en iois et en benndoier
324 2684 1244 2810 in sy querle ⁊ uiergene parloit
220 2757 1111 2879 Alangle qui les ly estoit
280 2824 1267 2937 y Soulz Ihuerist nostre peres
315 2881 1260 2996 t descendus̃ deuant sa mere
260 2941 1187 3047 a gront lumure agrant clarte
278 2996 1228 3111 et des angles agrant plente
315 3049 1486 3164 uant la doulche uierge beggie
273 3114 1332 3238 ua toutil autre femes degne
1447 855 1573 968 243
1507 1428 1560 1536 XII
