<?xml version="1.0" encoding="UTF-8"  standalone="yes"?>
<PcGts xmlns="http://schema.primaresearch.org/PAGE/gts/pagecontent/2019-07-15" xmlns:xsi="http://www.w3.org/2001/XMLSchema-instance" xsi:schemaLocation="http://schema.primaresearch.org/PAGE/gts/pagecontent/2019-07-15 http://schema.primaresearch.org/PAGE/gts/pagecontent/2019-07-15/pagecontent.xsd">
  <Metadata>
	<Creator>escriptorium</Creator>
	<Created>2025-10-15T20:24:22.846033+00:00</Created>
        <LastChange>2025-10-15T20:24:22.846054+00:00</LastChange>

  </Metadata>
  <Page imageFilename="620416201_MS0742_0766_0148A.jpg" imageWidth="3104" imageHeight="4140">

    
    <TextRegion id="eSc_textblock_bfeb668a"  custom="structure {type:text;}">
      <Coords points="1608,763 1716,772 1725,880 1688,908 1734,975 1596,1232 1596,1377 1679,1416 1633,1644 1790,1665 1826,1775 1808,1846 1672,1865 1615,1931 1587,2106 1608,2152 1744,2171 1698,2362 1753,2555 1679,2658 1661,2806 1716,2950 1633,3072 1624,3217 211,3272 174,3171 138,2233 138,975 174,947 1569,919 1599,901 1553,890 1543,846 1608,763"/>
      
      
      <TextLine id="eSc_line_e689eea6" custom="structure {type:default;}">
        <Coords points="1675,768 1652,765 1629,763 1606,763 1603,763 1583,791 1564,811 1564,871 1564,890 1688,896 1693,867 1686,768 1675,768"/>
        <Baseline points="1564,871 1693,867"/>
        <TextEquiv conf="0.999751349290212">
          <Unicode>143</Unicode>
        </TextEquiv>
      </TextLine>

      
      
      <TextLine id="eSc_line_a7135a76" custom="structure {type:default;}">
        <Coords points="1691,917 1688,910 1576,908 1576,913 1553,919 1530,919 1507,919 1484,919 1479,919 1454,919 1438,922 1415,922 1392,922 1369,922 1346,922 1323,924 1300,924 1295,924 1288,926 1272,924 1254,924 1231,924 1208,926 1184,926 1161,926 1138,926 1115,926 1092,929 1069,929 1046,929 1023,929 1019,929 1014,931 991,938 975,931 954,931 936,931 934,933 918,945 835,947 816,936 812,933 793,933 770,933 747,936 724,936 701,936 678,936 655,936 632,938 616,938 607,940 600,942 598,940 593,938 586,938 563,938 540,938 517,940 494,940 471,940 462,945 425,961 391,947 377,942 356,942 333,942 172,952 177,1021 177,1039 220,1051 223,1051 335,1046 338,1046 340,1046 340,1044 352,1035 421,1041 423,1041 425,1041 448,1030 457,1025 503,1028 593,1032 595,1032 653,1021 683,1016 694,1021 720,1030 722,1030 724,1030 881,1023 883,1023 922,1011 943,1005 959,1009 980,1016 982,1016 984,1016 987,1016 1012,1007 1026,1002 1033,1007 1046,1016 1049,1016 1051,1016 1053,1016 1056,1016 1086,1005 1102,1000 1120,1005 1161,1011 1164,1011 1258,998 1329,986 1458,986 1470,991 1488,998 1491,998 1493,998 1495,998 1523,988 1550,979 1716,979 1718,965 1709,942 1691,917"/>
        <Baseline points="177,1021 529,998 793,998 1440,965 1718,965"/>
        <TextEquiv conf="0.9919644673665364">
          <Unicode>Un sinatour de cõme sy uray que dieur su nos</Unicode>
        </TextEquiv>
      </TextLine>

      
      
      <TextLine id="eSc_line_c2458c08" custom="structure {type:default;}">
        <Coords points="671,1000 612,1007 506,1018 494,1009 492,1007 490,1007 487,1007 485,1007 483,1007 478,1009 453,1021 312,1014 315,1060 315,1085 1612,1039 1612,1018 1608,986 1412,977 1410,977 1408,977 1380,988 1274,982 1272,982 1270,982 1267,982 1249,993 1244,995 1210,993 1113,986 1111,986 1109,986 1106,986 1106,988 1097,995 1092,1002 1033,1002 989,998 936,993 934,993 931,993 929,993 929,995 924,1000 918,1007 816,1009 734,1005 674,1000 671,1000"/>
        <Baseline points="315,1060 1612,1018"/>
        <TextEquiv conf="0.971226019737048">
          <Unicode>quer qmel denfant qui iant a de giaulte</Unicode>
        </TextEquiv>
      </TextLine>

      
      
      <TextLine id="eSc_line_9c08c5ad" custom="structure {type:default;}">
        <Coords points="167,1115 167,1131 220,1145 223,1145 225,1145 264,1129 269,1129 276,1129 349,1140 352,1140 490,1124 526,1120 586,1120 773,1127 775,1127 777,1127 809,1115 812,1115 826,1115 1007,1120 1010,1120 1012,1120 1014,1120 1014,1117 1023,1108 1030,1104 1051,1108 1095,1117 1097,1117 1155,1106 1171,1104 1184,1106 1237,1113 1240,1113 1318,1101 1385,1092 1454,1097 1456,1074 1449,1039 1037,1041 1035,1041 1033,1041 1019,1053 1017,1053 1012,1053 980,1044 977,1044 975,1044 973,1044 950,1053 945,1055 918,1055 786,1051 784,1051 681,1062 660,1064 648,1064 591,1055 589,1055 586,1055 556,1067 554,1067 545,1067 448,1060 446,1060 165,1078 167,1115"/>
        <Baseline points="167,1115 1456,1074"/>
        <TextEquiv conf="0.9758629249899011">
          <Unicode>dr trounaige sar lur pox florins dores</Unicode>
        </TextEquiv>
      </TextLine>

      
      
      <TextLine id="eSc_line_f432a207" custom="structure {type:default;}">
        <Coords points="729,1099 706,1099 683,1099 660,1101 637,1101 630,1101 621,1110 616,1115 384,1115 386,1159 386,1191 473,1191 473,1189 476,1189 480,1186 510,1170 731,1168 773,1179 786,1182 789,1182 791,1182 821,1177 888,1166 915,1175 929,1179 931,1179 934,1179 1090,1175 1092,1175 1095,1175 1099,1170 1109,1163 1115,1168 1118,1173 1120,1173 1122,1173 1125,1173 1150,1168 1182,1161 1208,1166 1233,1173 1235,1173 1237,1173 1309,1163 1380,1154 1405,1161 1424,1166 1426,1166 1428,1166 1431,1166 1456,1159 1486,1152 1594,1154 1596,1133 1592,1097 1504,1081 1502,1081 1433,1097 1378,1083 1375,1083 1373,1083 1263,1101 1254,1101 1244,1101 1159,1087 1157,1087 1155,1087 1152,1087 1152,1090 1138,1104 1136,1104 1125,1104 1044,1094 1042,1094 1040,1094 1010,1104 1005,1106 1000,1104 971,1092 968,1092 966,1092 964,1092 936,1106 929,1108 918,1106 872,1094 869,1094 867,1094 791,1108 773,1110 761,1108 729,1097 729,1099"/>
        <Baseline points="386,1159 1596,1133"/>
        <TextEquiv conf="0.9421442869831534">
          <Unicode>les danc celes dont fuy mal ainser</Unicode>
        </TextEquiv>
      </TextLine>

      
      
      <TextLine id="eSc_line_cc94db09" custom="structure {type:default;}">
        <Coords points="167,1219 167,1232 276,1248 278,1248 280,1248 319,1237 517,1244 520,1244 522,1244 572,1228 575,1228 577,1228 655,1242 658,1242 660,1242 708,1225 710,1225 715,1225 800,1239 803,1239 1113,1235 1115,1235 1118,1235 1136,1219 1138,1219 1143,1219 1221,1232 1224,1232 1226,1232 1260,1219 1265,1216 1270,1216 1320,1230 1323,1230 1325,1230 1426,1214 1426,1193 1421,1159 1113,1152 1111,1152 1109,1152 1083,1163 1076,1166 1010,1163 816,1159 814,1159 812,1159 809,1159 800,1168 796,1173 637,1173 623,1170 572,1161 570,1161 568,1161 524,1173 510,1175 487,1173 418,1166 416,1166 414,1166 411,1166 400,1175 395,1179 165,1179 167,1219"/>
        <Baseline points="167,1219 984,1209 1426,1193"/>
        <TextEquiv conf="0.9886212316719262">
          <Unicode>uus aultres en parla dont suy tos acu</Unicode>
        </TextEquiv>
      </TextLine>

      
      
      <TextLine id="eSc_line_a54229df" custom="structure {type:default;}">
        <Coords points="1389,1196 1378,1196 1355,1209 1313,1198 1297,1200 1274,1200 1267,1200 1171,1214 1150,1205 1136,1205 1122,1205 1109,1219 860,1223 830,1214 823,1212 814,1212 803,1212 784,1216 740,1225 699,1219 683,1216 681,1216 678,1216 669,1219 644,1228 625,1221 607,1214 605,1214 602,1214 547,1223 497,1232 464,1225 439,1221 437,1221 170,1235 172,1281 172,1294 243,1308 246,1308 331,1306 333,1306 335,1306 335,1304 338,1304 349,1290 352,1290 409,1304 411,1304 515,1285 529,1285 538,1285 614,1297 616,1297 701,1281 708,1281 710,1281 736,1294 738,1294 740,1297 740,1294 743,1294 770,1281 941,1290 943,1290 945,1290 947,1290 947,1288 964,1274 966,1274 1005,1288 1007,1288 1010,1288 1012,1288 1042,1276 1122,1285 1125,1285 1235,1267 1242,1267 1247,1267 1295,1281 1297,1281 1300,1281 1557,1258 1560,1232 1553,1191 1447,1207 1398,1196 1389,1196"/>
        <Baseline points="172,1281 409,1267 1242,1251 1560,1232"/>
        <TextEquiv conf="0.9583105689440018">
          <Unicode>t ie may cheluy pour qui san chy uontel</Unicode>
        </TextEquiv>
      </TextLine>

      
      
      <TextLine id="eSc_line_1b48e0f7" custom="structure {type:default;}">
        <Coords points="285,1331 285,1345 356,1357 358,1357 492,1343 506,1343 510,1343 563,1354 566,1354 568,1354 612,1343 618,1340 653,1340 862,1350 865,1350 867,1350 869,1350 869,1347 881,1338 885,1338 1000,1347 1003,1347 1005,1347 1028,1336 1035,1334 1060,1336 1159,1345 1161,1345 1456,1329 1458,1313 1451,1262 283,1283 285,1331"/>
        <Baseline points="285,1331 1458,1313"/>
        <TextEquiv conf="0.9909673282078334">
          <Unicode>e mastres ne fust mes oulles apeles</Unicode>
        </TextEquiv>
      </TextLine>

      
      
      <TextLine id="eSc_line_46bfb81a" custom="structure {type:default;}">
        <Coords points="246,1384 246,1400 1320,1389 1463,1373 1463,1359 1456,1315 243,1347 246,1384"/>
        <Baseline points="246,1384 1463,1359"/>
        <TextEquiv conf="0.9762910505135854">
          <Unicode>uisse este aensus ⁊ au uent enrbures</Unicode>
        </TextEquiv>
      </TextLine>

      
      
      <TextLine id="eSc_line_a0e9643d" custom="structure {type:default;}">
        <Coords points="1456,1361 1445,1361 1375,1375 1233,1363 1226,1366 1203,1366 1180,1366 1157,1366 1155,1366 1092,1382 1051,1368 1042,1368 1019,1370 996,1370 980,1370 858,1386 805,1373 789,1375 766,1375 759,1375 736,1384 681,1375 674,1377 658,1377 637,1391 593,1380 591,1380 589,1380 586,1380 554,1393 540,1380 538,1380 536,1380 533,1380 446,1396 393,1382 391,1382 388,1382 386,1382 333,1400 167,1380 170,1430 170,1458 1497,1421 1497,1398 1491,1352 1456,1357 1456,1361"/>
        <Baseline points="170,1430 849,1423 1497,1398"/>
        <TextEquiv conf="0.9847110333767805">
          <Unicode>quel Ie suy nrop dolans tristres et a bourel</Unicode>
        </TextEquiv>
      </TextLine>

      
      
      <TextLine id="eSc_line_ff37a3f5" custom="structure {type:default;}">
        <Coords points="331,1430 322,1430 308,1437 310,1481 310,1504 1647,1474 1649,1444 1642,1403 416,1439 349,1430 331,1430"/>
        <Baseline points="310,1481 1295,1467 1649,1444"/>
        <TextEquiv conf="0.9777899239121414">
          <Unicode>leusant Ee bõmairs quant sy su lo Re mer</Unicode>
        </TextEquiv>
      </TextLine>

      
      
      <TextLine id="eSc_line_28e10ce8" custom="structure {type:default;}">
        <Coords points="1150,1469 1127,1472 1120,1472 1063,1481 480,1481 478,1481 476,1481 473,1481 460,1492 393,1483 391,1483 388,1483 386,1483 372,1494 184,1488 186,1538 186,1557 232,1568 234,1568 236,1568 239,1568 239,1566 241,1566 248,1557 250,1552 301,1552 315,1554 354,1566 356,1566 358,1566 361,1566 395,1554 409,1550 427,1552 478,1563 480,1563 538,1552 554,1547 563,1550 586,1559 589,1559 591,1559 593,1559 595,1559 595,1557 598,1557 602,1550 607,1545 658,1550 761,1557 763,1557 830,1545 874,1538 890,1545 908,1552 911,1552 913,1552 952,1543 987,1536 1166,1538 1171,1515 1164,1469 1150,1469"/>
        <Baseline points="186,1538 1171,1515"/>
        <TextEquiv conf="0.9702845524097311">
          <Unicode>Dun rche iazerant estoit a fu</Unicode>
        </TextEquiv>
      </TextLine>

      
      
      <TextLine id="eSc_line_76622b1a" custom="structure {type:default;}">
        <Coords points="1040,1520 1017,1520 1000,1520 911,1534 860,1522 855,1524 832,1524 830,1524 819,1538 750,1538 651,1529 648,1529 625,1529 602,1529 600,1529 586,1540 566,1529 556,1531 547,1531 506,1545 427,1534 425,1534 423,1534 421,1534 340,1550 188,1540 190,1596 190,1616 508,1616 508,1614 510,1614 513,1614 526,1605 533,1600 572,1603 669,1609 671,1609 674,1609 676,1609 692,1598 699,1593 837,1591 895,1591 1069,1598 1072,1598 1074,1598 1076,1598 1076,1596 1079,1596 1086,1586 1099,1596 1102,1596 1104,1596 1106,1596 1235,1593 1346,1577 1355,1577 1366,1577 1525,1584 1527,1584 1530,1584 1557,1570 1557,1557 1550,1504 1320,1506 1318,1506 1304,1508 1267,1520 1244,1511 1237,1508 1235,1508 1233,1508 1231,1508 1224,1511 1194,1527 1072,1529 1051,1520 1040,1520"/>
        <Baseline points="190,1596 1557,1557"/>
        <TextEquiv conf="0.9687873477285559">
          <Unicode>Or ne scay silest ipors ou de qui s̾ cournes</Unicode>
        </TextEquiv>
      </TextLine>

      
      
      <TextLine id="eSc_line_3d224fcd" custom="structure {type:default;}">
        <Coords points="241,1642 241,1669 734,1642 1056,1637 1095,1649 1104,1651 1106,1651 1109,1651 1129,1649 1171,1639 1187,1646 1191,1649 1194,1649 1196,1649 1198,1649 1201,1649 1201,1646 1203,1646 1214,1632 1240,1644 1244,1646 1247,1646 1249,1649 1249,1646 1251,1646 1256,1644 1286,1632 1323,1642 1329,1644 1332,1644 1334,1644 1352,1642 1440,1628 1592,1635 1594,1609 1587,1568 239,1600 241,1642"/>
        <Baseline points="241,1642 1594,1609"/>
        <TextEquiv conf="0.9585036579952684">
          <Unicode>et quant eyaras uentear ly sans ly est mues</Unicode>
        </TextEquiv>
      </TextLine>

      
      
      <TextLine id="eSc_line_44ace106" custom="structure {type:default;}">
        <Coords points="1277,1619 1270,1619 1267,1621 1251,1632 1145,1635 1023,1628 989,1626 977,1626 954,1626 931,1626 908,1628 895,1628 867,1630 793,1637 745,1635 708,1630 701,1632 681,1632 678,1635 667,1642 630,1637 612,1632 609,1635 586,1635 582,1637 559,1649 517,1639 506,1637 494,1637 483,1637 476,1639 453,1651 195,1649 197,1701 197,1724 386,1708 437,1718 450,1720 453,1720 455,1720 457,1720 457,1718 460,1718 469,1708 503,1715 517,1718 520,1718 563,1713 683,1701 846,1704 941,1706 943,1706 1000,1699 1067,1692 1099,1697 1145,1704 1148,1704 1412,1685 1412,1669 1405,1619 1336,1630 1297,1621 1288,1619 1277,1619"/>
        <Baseline points="197,1701 685,1681 1412,1669"/>
        <TextEquiv conf="0.9890917225887901">
          <Unicode>dont a haulte uois sest ly Roi escrien</Unicode>
        </TextEquiv>
      </TextLine>

      
      
      <TextLine id="eSc_line_1ab44537" custom="structure {type:default;}">
        <Coords points="1408,1672 1401,1672 1369,1676 1323,1683 1290,1678 1258,1672 1247,1674 1244,1674 1240,1678 1231,1685 1161,1681 1095,1676 1092,1676 1000,1683 901,1692 888,1685 872,1678 855,1678 853,1678 830,1688 816,1692 803,1688 782,1681 763,1681 759,1681 713,1690 662,1699 609,1692 568,1685 556,1688 549,1688 520,1695 473,1704 432,1695 418,1692 395,1695 386,1695 379,1697 349,1706 188,1701 190,1757 190,1766 266,1782 269,1782 271,1782 331,1766 478,1777 480,1777 483,1777 485,1777 506,1764 554,1773 556,1773 559,1773 582,1761 593,1754 768,1752 908,1757 1058,1764 1060,1764 1175,1754 1357,1738 1410,1738 1426,1750 1428,1752 1428,1754 1431,1754 1433,1754 1435,1754 1640,1750 1642,1750 1649,1747 1686,1734 1778,1745 1780,1713 1776,1669 1638,1658 1635,1658 1534,1674 1495,1678 1481,1674 1454,1665 1451,1665 1449,1665 1408,1669 1408,1672"/>
        <Baseline points="190,1757 646,1736 1780,1713"/>
        <TextEquiv conf="0.9680766134845967">
          <Unicode>helas̾ cestoit mes fierys glireux dont uousparlet</Unicode>
        </TextEquiv>
      </TextLine>

      
      
      <TextLine id="eSc_line_ad0dc405" custom="structure {type:default;}">
        <Coords points="1396,1722 1373,1722 1350,1722 1327,1722 1304,1724 1281,1724 1270,1724 989,1743 612,1743 586,1743 584,1743 582,1743 579,1743 554,1759 156,1759 158,1812 158,1844 204,1844 207,1844 209,1844 209,1842 211,1842 223,1826 322,1839 335,1839 338,1839 340,1839 349,1837 391,1826 455,1830 457,1830 460,1830 462,1830 462,1828 464,1828 471,1819 529,1828 549,1830 552,1830 554,1830 556,1830 561,1826 582,1812 618,1823 635,1828 637,1828 639,1828 641,1828 655,1821 678,1810 832,1812 996,1814 998,1814 1088,1798 1106,1796 1118,1796 1175,1807 1178,1807 1180,1807 1217,1791 1228,1803 1231,1803 1233,1803 1235,1803 1237,1803 1274,1789 1281,1784 1419,1780 1419,1764 1412,1722 1396,1722"/>
        <Baseline points="158,1812 1419,1764"/>
        <TextEquiv conf="0.9824826651149325">
          <Unicode>scaiciies quil fu de me Mar engenree</Unicode>
        </TextEquiv>
      </TextLine>

      
      
      <TextLine id="eSc_line_6c8c3fd8" custom="structure {type:default;}">
        <Coords points="1099,1777 1076,1789 1060,1798 1046,1791 1040,1789 1037,1789 1035,1789 1033,1789 1019,1793 971,1810 517,1819 508,1814 476,1800 464,1800 446,1819 444,1819 418,1819 234,1814 232,1814 230,1814 181,1828 184,1865 184,1899 292,1885 331,1895 338,1895 340,1895 342,1895 345,1895 377,1876 432,1890 441,1892 444,1892 446,1892 476,1888 570,1874 635,1881 671,1885 674,1885 676,1885 692,1879 734,1862 754,1876 757,1876 759,1876 761,1876 768,1876 819,1869 835,1874 858,1881 860,1881 862,1881 1010,1876 1012,1876 1014,1876 1026,1865 1035,1860 1090,1862 1231,1872 1233,1872 1235,1872 1237,1872 1258,1858 1320,1867 1323,1867 1325,1867 1355,1853 1366,1846 1394,1851 1454,1860 1456,1860 1458,1860 1493,1846 1507,1842 1585,1842 1748,1846 1751,1846 1813,1833 1813,1805 1806,1759 1624,1764 1622,1764 1619,1764 1617,1766 1603,1777 1576,1768 1569,1766 1566,1766 1564,1766 1281,1773 1231,1784 1161,1798 1134,1787 1106,1777 1104,1777 1102,1777 1099,1777"/>
        <Baseline points="184,1865 1194,1842 1412,1833 1564,1812 1813,1805"/>
        <TextEquiv conf="0.990281650965864">
          <Unicode>Dont ploura teurement et hault sest dementes</Unicode>
        </TextEquiv>
      </TextLine>

      
      
      <TextLine id="eSc_line_f58c91b6" custom="structure {type:default;}">
        <Coords points="1408,1833 1396,1839 1371,1851 1350,1842 1339,1837 1336,1837 1334,1837 1332,1837 1329,1837 1329,1839 1327,1839 1325,1842 1320,1849 1293,1844 1263,1839 1254,1839 1254,1842 1249,1846 1237,1858 1173,1858 1148,1849 1132,1844 1129,1844 1127,1844 1125,1844 1109,1851 1090,1860 1072,1853 1058,1846 1040,1846 1028,1853 1012,1865 851,1867 832,1860 805,1851 786,1853 763,1853 740,1853 731,1853 729,1853 685,1867 674,1872 471,1881 421,1881 418,1876 407,1867 407,1865 404,1865 402,1865 400,1865 398,1865 354,1879 257,1867 255,1867 253,1867 250,1867 227,1883 223,1888 165,1888 167,1922 167,1957 342,1936 427,1945 430,1945 605,1929 621,1941 625,1945 628,1945 630,1945 632,1945 678,1938 791,1922 929,1929 994,1931 996,1931 998,1931 1012,1925 1037,1915 1063,1922 1088,1931 1090,1931 1092,1931 1148,1920 1191,1911 1208,1918 1231,1927 1233,1927 1235,1927 1237,1927 1263,1915 1277,1908 1316,1913 1387,1922 1389,1922 1566,1902 1569,1881 1564,1835 1419,1833 1408,1833"/>
        <Baseline points="167,1922 1569,1881"/>
        <TextEquiv conf="0.9917300045490265">
          <Unicode>mes de luy mecray car camgos en estassee</Unicode>
        </TextEquiv>
      </TextLine>

      
      
      <TextLine id="eSc_line_c1fdbc97" custom="structure {type:default;}">
        <Coords points="289,1971 289,1989 356,2003 358,2003 460,1984 467,1984 473,1984 520,1994 522,1994 524,1994 563,1982 582,1994 584,1994 586,1994 589,1994 591,1994 625,1980 628,1980 630,1980 683,1994 685,1994 687,1994 690,1994 692,1994 713,1980 816,1989 819,1989 821,1989 858,1973 860,1971 950,1971 954,1971 1010,1984 1012,1984 1014,1984 1134,1968 1408,1973 1410,1973 1412,1973 1415,1973 1431,1959 1486,1971 1488,1971 1491,1971 1493,1971 1511,1954 1543,1968 1546,1968 1548,1968 1550,1968 1580,1952 1580,1934 1573,1892 287,1920 289,1971"/>
        <Baseline points="289,1971 1580,1934"/>
        <TextEquiv conf="0.980222850232511">
          <Unicode>⁊ ainchoi que ꝯssoit deprison dliures</Unicode>
        </TextEquiv>
      </TextLine>

      
      
      <TextLine id="eSc_line_e4032a6c" custom="structure {type:default;}">
        <Coords points="416,1968 280,1984 283,2019 283,2053 444,2040 552,2046 589,2049 591,2049 593,2049 602,2046 630,2035 694,2044 724,2046 727,2046 729,2046 740,2042 761,2033 860,2040 920,2042 922,2042 1539,2019 1539,1987 1534,1948 1433,1948 1431,1948 1428,1948 1421,1950 1394,1961 1343,1952 1325,1950 1323,1950 1320,1950 1318,1950 1316,1952 1304,1964 1272,1954 1260,1952 1258,1952 1256,1952 1254,1952 1240,1954 1201,1966 1180,1957 1171,1954 1168,1954 1166,1954 1129,1959 1060,1968 994,1964 936,1959 934,1959 931,1959 929,1959 920,1966 913,1971 892,1966 855,1959 853,1959 773,1971 731,1975 676,1973 529,1966 526,1966 524,1966 522,1966 503,1977 501,1980 492,1980 418,1968 416,1968"/>
        <Baseline points="283,2019 1150,2007 1539,1987"/>
        <TextEquiv conf="0.9934928864240646">
          <Unicode>nerra rois heuris dengleterre fieuer</Unicode>
        </TextEquiv>
      </TextLine>

      
      
      <TextLine id="eSc_line_9ef454d1" custom="structure {type:default;}">
        <Coords points="209,2030 230,2028 232,2021 225,1980 204,1980 209,2023 209,2030"/>
        <Baseline points="209,2023 232,2021"/>
        <TextEquiv conf="0.9978016018867493">
          <Unicode>T</Unicode>
        </TextEquiv>
      </TextLine>

      
      
      <TextLine id="eSc_line_d5b7a4ab" custom="structure {type:default;}">
        <Coords points="188,2076 188,2090 609,2102 612,2102 614,2102 641,2090 1435,2097 1438,2097 1440,2097 1463,2083 1463,2070 1461,2028 1424,2012 1421,2012 1419,2012 1417,2012 1357,2028 1355,2028 1332,2012 1329,2012 1327,2012 1267,2012 1265,2012 1263,2012 1224,2028 1221,2028 1217,2028 1159,2017 1157,2017 1155,2017 1118,2028 1115,2028 1069,2012 1067,2012 1065,2012 1063,2012 1060,2012 1035,2028 1030,2030 1017,2028 952,2017 950,2017 872,2028 855,2030 851,2028 823,2014 821,2014 819,2014 736,2028 720,2033 524,2033 503,2028 460,2019 457,2019 363,2028 324,2033 317,2028 294,2017 292,2017 289,2017 186,2028 188,2076"/>
        <Baseline points="188,2076 1463,2070"/>
        <TextEquiv conf="0.9903753578662873">
          <Unicode>Rlamne le courtoise ou tant a de biaulte</Unicode>
        </TextEquiv>
      </TextLine>

      
      
      <TextLine id="eSc_line_c4e8e7ee" custom="structure {type:default;}">
        <Coords points="1267,2072 1244,2072 1226,2072 1214,2081 1127,2072 1106,2072 1083,2072 1072,2072 1033,2083 888,2074 876,2074 853,2074 830,2074 812,2074 754,2086 347,2079 349,2122 349,2141 577,2152 579,2152 641,2139 648,2139 678,2139 908,2148 911,2148 964,2136 966,2136 968,2136 1037,2148 1040,2148 1042,2148 1092,2134 1097,2134 1099,2134 1115,2145 1118,2145 1120,2145 1122,2148 1281,2148 1281,2145 1516,2129 1518,2111 1511,2067 1435,2079 1288,2072 1267,2072"/>
        <Baseline points="349,2122 1518,2111"/>
        <TextEquiv conf="0.9536938491989585">
          <Unicode>era ale eame Ly sen uras Ruiiontẽ</Unicode>
        </TextEquiv>
      </TextLine>

      
      
      <TextLine id="eSc_line_79668f9c" custom="structure {type:default;}">
        <Coords points="308,2175 308,2198 1516,2185 1518,2168 1511,2120 1005,2134 901,2129 745,2122 743,2122 740,2122 715,2134 704,2136 692,2134 662,2125 660,2125 658,2125 434,2136 372,2125 370,2125 306,2139 308,2175"/>
        <Baseline points="308,2175 1518,2168"/>
        <TextEquiv conf="0.9346952469725358">
          <Unicode>y sains qui Teuant Rapois̃ e taltinoes</Unicode>
        </TextEquiv>
      </TextLine>

      
      
      <TextLine id="eSc_line_63cd89ae" custom="structure {type:default;}">
        <Coords points="209,2182 209,2191 218,2194 220,2182 218,2145 209,2145 209,2182"/>
        <Baseline points="209,2182 220,2182"/>
        <TextEquiv>
          <Unicode></Unicode>
        </TextEquiv>
      </TextLine>

      
      
      <TextLine id="eSc_line_5e6a27b1" custom="structure {type:default;}">
        <Coords points="1730,2198 1707,2166 1684,2162 1661,2159 1652,2157 1500,2171 1477,2171 1454,2171 1431,2171 1408,2171 1385,2171 1362,2171 1339,2171 1316,2171 1293,2171 1270,2171 1247,2171 1224,2171 1201,2171 1178,2171 1155,2171 1132,2171 1109,2173 1086,2173 1063,2173 1040,2173 1017,2173 994,2173 971,2173 966,2173 922,2182 812,2173 809,2173 692,2187 467,2180 464,2180 234,2196 236,2233 236,2260 381,2247 448,2260 473,2265 476,2265 478,2265 501,2260 536,2251 563,2260 568,2260 570,2260 572,2260 575,2260 577,2260 607,2242 628,2256 630,2256 632,2256 635,2256 637,2256 639,2256 639,2254 658,2240 832,2256 835,2256 950,2235 1010,2251 1012,2251 1014,2251 1072,2240 1111,2256 1113,2256 1115,2256 1120,2256 1180,2244 1194,2256 1196,2258 1198,2258 1201,2258 1203,2258 1205,2258 1212,2256 1277,2226 1366,2244 1369,2244 1493,2228 1527,2254 1530,2254 1532,2254 1534,2254 1734,2251 1737,2203 1732,2196 1730,2198"/>
        <Baseline points="236,2233 1737,2203"/>
        <TextEquiv conf="0.962869709978501">
          <Unicode>out clio fist saini mortuit qui tant eetnatieres</Unicode>
        </TextEquiv>
      </TextLine>

      
      
      <TextLine id="eSc_line_e684f459" custom="structure {type:default;}">
        <Coords points="674,2226 671,2226 641,2235 628,2240 602,2235 554,2228 552,2228 549,2228 531,2237 517,2242 190,2242 193,2286 193,2304 678,2304 681,2304 717,2293 722,2293 729,2293 796,2302 798,2302 800,2302 803,2302 803,2300 805,2300 812,2290 816,2290 904,2300 906,2300 1067,2286 1145,2295 1148,2295 1150,2295 1152,2295 1166,2283 1166,2267 1161,2231 945,2221 943,2221 941,2221 938,2221 920,2233 915,2235 906,2233 881,2224 878,2224 876,2224 821,2233 793,2237 757,2235 676,2226 674,2226"/>
        <Baseline points="193,2286 1166,2267"/>
        <TextEquiv conf="0.983708963394165">
          <Unicode>dui fu lyannedieu ⁊ yuere</Unicode>
        </TextEquiv>
      </TextLine>

      
      
      <TextLine id="eSc_line_a8004f5c" custom="structure {type:default;}">
        <Coords points="1145,2270 1122,2270 1099,2270 1079,2270 1042,2270 1030,2272 1007,2272 998,2272 202,2293 204,2341 204,2366 457,2350 503,2359 522,2362 524,2362 526,2362 529,2362 533,2357 549,2348 586,2357 605,2359 607,2359 798,2355 800,2355 819,2348 832,2341 842,2348 851,2352 853,2352 855,2352 858,2352 959,2350 1017,2341 1058,2334 1086,2339 1136,2346 1138,2346 1339,2329 1398,2325 1424,2325 1532,2334 1534,2334 1537,2334 1566,2320 1566,2304 1560,2256 1145,2267 1145,2270"/>
        <Baseline points="204,2341 1566,2304"/>
        <TextEquiv conf="0.9711231112480163">
          <Unicode>loyauhmet le seruy sendent estre amendes</Unicode>
        </TextEquiv>
      </TextLine>

      
      
      <TextLine id="eSc_line_e26eed32" custom="structure {type:default;}">
        <Coords points="994,2320 991,2320 977,2320 920,2334 855,2325 853,2325 830,2325 819,2325 786,2339 589,2339 568,2332 554,2332 531,2334 520,2334 497,2341 375,2336 370,2339 347,2339 324,2339 301,2339 278,2341 255,2341 232,2341 209,2341 211,2380 211,2410 354,2394 441,2405 444,2405 556,2392 628,2405 639,2405 641,2405 644,2405 646,2405 646,2403 669,2389 800,2401 803,2401 805,2401 989,2389 1037,2398 1046,2398 1049,2398 1051,2398 1056,2398 1097,2385 1196,2385 1212,2396 1214,2396 1217,2396 1219,2396 1221,2396 1224,2396 1224,2394 1240,2382 1378,2389 1380,2389 1382,2389 1419,2378 1502,2392 1514,2392 1516,2392 1518,2392 1520,2389 1548,2375 1663,2387 1665,2357 1658,2311 1184,2329 1010,2320 994,2320"/>
        <Baseline points="211,2380 1665,2357"/>
        <TextEquiv conf="0.9384570091285489">
          <Unicode>Qui sert a uon le saignour estre endoit loes</Unicode>
        </TextEquiv>
      </TextLine>

      
      
      <TextLine id="eSc_line_de0a9e18" custom="structure {type:default;}">
        <Coords points="227,2421 227,2467 260,2467 260,2421 260,2394 227,2394 227,2421"/>
        <Baseline points="227,2421 260,2421"/>
        <TextEquiv conf="0.9999510049819946">
          <Unicode>S</Unicode>
        </TextEquiv>
      </TextLine>

      
      
      <TextLine id="eSc_line_6d8c454d" custom="structure {type:default;}">
        <Coords points="347,2421 347,2442 1049,2444 1051,2444 1102,2440 1219,2428 1421,2438 1426,2408 1419,2366 345,2387 347,2421"/>
        <Baseline points="347,2421 789,2426 1426,2408"/>
        <TextEquiv conf="0.9578332575884733">
          <Unicode>erue le selon i uint pasl carites</Unicode>
        </TextEquiv>
      </TextLine>

      
      
      <TextLine id="eSc_line_59169767" custom="structure {type:default;}">
        <Coords points="1182,2417 1159,2417 1145,2417 1109,2428 1102,2428 1097,2428 1056,2419 1044,2419 1033,2419 1021,2428 1010,2428 929,2421 929,2424 906,2424 883,2424 860,2426 844,2426 839,2431 837,2433 658,2433 653,2433 639,2426 630,2426 607,2426 600,2426 563,2433 545,2435 522,2433 439,2424 437,2424 377,2435 356,2438 170,2438 172,2486 172,2511 361,2511 361,2509 363,2509 368,2507 391,2495 492,2507 510,2507 513,2507 515,2507 522,2504 563,2493 681,2502 706,2504 708,2504 710,2504 720,2502 770,2490 885,2490 904,2500 906,2502 908,2502 911,2502 913,2502 915,2502 920,2500 945,2488 1021,2497 1037,2500 1040,2500 1060,2497 1152,2486 1184,2495 1189,2497 1191,2497 1194,2497 1219,2495 1336,2484 1382,2493 1394,2495 1396,2495 1670,2488 1670,2461 1665,2424 1527,2410 1525,2410 1378,2424 1191,2415 1182,2417"/>
        <Baseline points="172,2486 391,2474 1670,2461"/>
        <TextEquiv conf="0.990282672782277">
          <Unicode>Martine seruy bien deru che dist bingorites</Unicode>
        </TextEquiv>
      </TextLine>

      
      
      <TextLine id="eSc_line_682ecd81" custom="structure {type:default;}">
        <Coords points="209,2486 211,2536 211,2562 345,2548 513,2559 538,2559 540,2559 559,2557 644,2548 750,2555 782,2557 784,2557 786,2557 793,2555 819,2546 835,2555 837,2557 839,2557 842,2557 844,2557 869,2555 945,2543 1021,2553 1051,2555 1053,2555 1587,2543 1589,2527 1583,2474 209,2484 209,2486"/>
        <Baseline points="211,2536 1589,2527"/>
        <TextEquiv conf="0.9503159742606314">
          <Unicode>Laince eskeure dist ue Ia nendoubteres</Unicode>
        </TextEquiv>
      </TextLine>

      
      
      <TextLine id="eSc_line_d1fccb2a" custom="structure {type:default;}">
        <Coords points="1573,2530 1550,2530 1527,2530 1504,2530 1481,2530 1458,2530 1435,2530 1412,2530 1389,2530 1366,2530 1343,2530 1320,2530 1297,2530 1274,2530 1251,2530 1228,2532 1205,2532 1182,2532 1159,2532 1136,2532 1113,2532 1090,2532 1067,2532 1044,2532 1021,2532 998,2532 975,2532 952,2532 929,2532 906,2532 883,2534 860,2534 837,2534 814,2534 791,2534 768,2534 745,2534 722,2534 699,2534 694,2534 543,2534 538,2536 515,2536 492,2536 487,2536 285,2536 287,2578 287,2605 694,2605 694,2603 697,2603 699,2603 717,2592 830,2601 855,2603 858,2603 883,2601 977,2592 998,2601 1003,2603 1005,2603 1007,2603 1010,2603 1012,2603 1014,2601 1035,2589 1219,2601 1254,2601 1256,2601 1274,2599 1382,2587 1728,2596 1732,2569 1725,2523 1573,2523 1573,2530"/>
        <Baseline points="287,2578 1732,2569"/>
        <TextEquiv conf="0.9524114348671653">
          <Unicode>e tous les uris canfes chest hrpluã aqennem</Unicode>
        </TextEquiv>
      </TextLine>

      
      
      <TextLine id="eSc_line_5d6c6685" custom="structure {type:default;}">
        <Coords points="1380,2571 1357,2573 1334,2573 1311,2573 1288,2573 1281,2573 1258,2582 1251,2585 1212,2582 1058,2573 1035,2573 1012,2573 989,2576 966,2576 943,2576 920,2576 918,2576 911,2582 904,2587 876,2582 837,2576 835,2576 692,2582 538,2589 207,2582 209,2628 209,2645 1578,2647 1583,2626 1580,2585 1398,2571 1380,2571"/>
        <Baseline points="209,2628 1323,2619 1583,2626"/>
        <TextEquiv conf="0.9468141222322309">
          <Unicode>sepeciaux a nuuns et de Sieu plusames</Unicode>
        </TextEquiv>
      </TextLine>

      
      
      <TextLine id="eSc_line_baf0dca9" custom="structure {type:default;}">
        <Coords points="1509,2626 1486,2624 1463,2624 1442,2624 1428,2626 1394,2631 1378,2626 1359,2622 1348,2622 1336,2622 1320,2626 1306,2631 1293,2628 1265,2622 1256,2622 1244,2622 1237,2628 1235,2631 1231,2628 1210,2622 1210,2622 1191,2622 1184,2628 1178,2633 1159,2628 1113,2622 1111,2622 1109,2622 1106,2622 1095,2631 1090,2635 920,2635 892,2633 803,2624 800,2624 798,2624 757,2635 745,2638 720,2635 614,2626 612,2626 508,2640 494,2640 487,2640 439,2628 437,2628 434,2628 398,2640 388,2642 370,2640 278,2631 276,2631 197,2642 200,2686 204,2709 218,2700 292,2707 331,2711 333,2711 335,2711 345,2707 365,2695 377,2707 379,2709 381,2709 384,2709 386,2709 388,2709 391,2709 391,2707 393,2707 407,2693 427,2702 430,2702 432,2702 487,2691 809,2697 812,2697 814,2697 816,2697 835,2686 973,2702 984,2702 987,2702 996,2702 1106,2684 1240,2684 1293,2700 1297,2700 1300,2700 1302,2702 1375,2702 1375,2700 1378,2700 1380,2700 1380,2697 1396,2684 1440,2697 1442,2697 1445,2697 1456,2697 1592,2686 1633,2695 1640,2665 1633,2624 1525,2628 1518,2626 1509,2626"/>
        <Baseline points="200,2686 727,2670 1640,2665"/>
        <TextEquiv conf="0.9805404141891835">
          <Unicode>Esr ains de dieuseriir ne fu sescorrꝰ sanes</Unicode>
        </TextEquiv>
      </TextLine>

      
      
      <TextLine id="eSc_line_84cc912b" custom="structure {type:default;}">
        <Coords points="306,2727 306,2746 607,2748 609,2748 658,2743 759,2734 906,2741 950,2743 952,2743 975,2741 1053,2732 1104,2741 1115,2741 1118,2741 1120,2741 1125,2741 1159,2727 1417,2737 1421,2709 1415,2668 996,2684 842,2681 614,2679 612,2679 609,2679 584,2688 577,2691 540,2691 342,2684 340,2684 338,2684 303,2695 306,2727"/>
        <Baseline points="306,2727 1421,2709"/>
        <TextEquiv conf="0.9868221696880128">
          <Unicode>estoit ly qrenuerẽ a matizes Nouure</Unicode>
        </TextEquiv>
      </TextLine>

      
      
      <TextLine id="eSc_line_30686efe" custom="structure {type:default;}">
        <Coords points="1401,2711 1378,2711 1355,2711 1332,2711 1309,2711 1295,2711 1283,2711 1263,2714 1240,2714 1217,2714 1194,2714 1171,2714 1148,2714 1125,2716 1102,2716 1079,2716 1056,2716 1033,2716 1010,2716 987,2718 964,2718 941,2718 918,2718 895,2718 872,2718 849,2720 826,2720 803,2720 780,2720 757,2720 734,2720 710,2723 687,2723 664,2723 641,2723 618,2723 595,2723 572,2725 549,2725 526,2725 503,2725 480,2725 457,2725 434,2727 411,2727 388,2727 365,2727 342,2727 319,2727 317,2725 250,2725 253,2771 253,2808 340,2808 340,2806 342,2806 349,2803 416,2778 434,2789 437,2789 439,2789 441,2789 499,2778 545,2796 552,2799 554,2799 556,2799 577,2794 653,2776 683,2787 685,2787 687,2787 780,2773 809,2787 816,2789 819,2789 821,2789 823,2789 832,2785 860,2773 913,2783 998,2796 1000,2796 1003,2796 1049,2778 1065,2771 1081,2776 1115,2787 1118,2787 1120,2787 1263,2771 1329,2783 1332,2783 1392,2771 1431,2785 1433,2785 1435,2785 1438,2785 1440,2785 1440,2783 1454,2766 1454,2753 1447,2709 1401,2709 1401,2711"/>
        <Baseline points="253,2771 1454,2753"/>
        <TextEquiv conf="0.920655939408711">
          <Unicode>disaut ses or sm dencost ledante ux</Unicode>
        </TextEquiv>
      </TextLine>

      
      
      <TextLine id="eSc_line_2414ab18" custom="structure {type:default;}">
        <Coords points="851,2764 832,2764 809,2773 798,2776 775,2773 710,2764 690,2766 681,2766 674,2773 671,2776 662,2773 625,2766 621,2766 598,2766 547,2776 545,2776 543,2776 517,2769 506,2769 483,2769 460,2769 437,2769 425,2769 322,2778 324,2817 326,2842 365,2831 1606,2840 1610,2815 1601,2762 1569,2776 1539,2762 1537,2762 1534,2762 1532,2762 1530,2762 1527,2762 1527,2764 1514,2778 1415,2778 1403,2764 1401,2764 1401,2762 1398,2762 1396,2762 1394,2762 1392,2762 1380,2764 1336,2776 1231,2766 1171,2762 1168,2762 1132,2769 1088,2776 1065,2769 1044,2762 1042,2762 1040,2762 1037,2762 1010,2769 984,2776 931,2771 858,2762 851,2764"/>
        <Baseline points="324,2817 1610,2815"/>
        <TextEquiv conf="0.9915629421792379">
          <Unicode>prestreez et de clers estoit formensamesz</Unicode>
        </TextEquiv>
      </TextLine>

      
      
      <TextLine id="eSc_line_cb455105" custom="structure {type:default;}">
        <Coords points="1447,2817 1424,2817 1401,2817 1378,2817 1355,2817 1339,2817 204,2835 207,2877 207,2886 308,2902 310,2902 312,2902 315,2902 315,2900 326,2891 423,2900 425,2900 563,2884 600,2881 660,2884 835,2893 837,2893 950,2891 952,2891 954,2891 954,2888 957,2888 961,2881 968,2875 1053,2875 1063,2881 1069,2888 1072,2888 1074,2888 1076,2888 1079,2888 1102,2881 1127,2872 1136,2881 1143,2886 1145,2886 1148,2886 1150,2886 1194,2879 1258,2870 1290,2879 1300,2881 1302,2881 1304,2881 1472,2877 1472,2854 1465,2817 1447,2817"/>
        <Baseline points="207,2877 1472,2854"/>
        <TextEquiv conf="0.9484729684061475">
          <Unicode>auggmes ueroit sesgoets rempre leues</Unicode>
        </TextEquiv>
      </TextLine>

      
      
      <TextLine id="eSc_line_a2af337c" custom="structure {type:default;}">
        <Coords points="1145,2861 1122,2861 1115,2861 1113,2861 1111,2861 1104,2863 1065,2872 1021,2863 1007,2863 998,2863 996,2863 987,2875 892,2877 317,2877 294,2877 271,2877 273,2918 276,2944 315,2932 409,2941 441,2944 444,2944 446,2944 453,2941 473,2930 513,2939 526,2941 529,2941 531,2941 533,2941 533,2939 536,2939 545,2927 632,2927 724,2934 789,2939 791,2939 793,2939 814,2932 837,2925 865,2932 892,2937 895,2937 1010,2927 1088,2923 1095,2927 1111,2934 1113,2934 1115,2934 1244,2923 1258,2923 1263,2923 1316,2932 1318,2932 1375,2921 1387,2918 1389,2921 1403,2930 1405,2930 1408,2930 1410,2930 1553,2918 1633,2927 1635,2927 1638,2927 1668,2914 1668,2900 1661,2854 1486,2868 1166,2861 1145,2861"/>
        <Baseline points="273,2918 1668,2900"/>
        <TextEquiv conf="0.9763486697560265">
          <Unicode>e si por pluisenre foi de leraiemy temꝑges</Unicode>
        </TextEquiv>
      </TextLine>

      
      
      <TextLine id="eSc_line_71179404" custom="structure {type:default;}">
        <Coords points="543,2916 540,2916 538,2916 533,2916 487,2930 312,2918 310,2918 308,2918 232,2930 197,2918 197,2969 197,2992 257,2983 287,2992 308,3001 310,3001 312,3001 315,3001 317,3001 329,2994 340,2985 352,2994 363,3001 365,3001 368,3001 370,3001 497,2994 664,2983 731,2994 752,2996 754,2996 757,2996 763,2994 793,2978 1012,2978 1079,2994 1102,2999 1104,2999 1106,2999 1120,2994 1164,2978 1283,2978 1313,2992 1316,2992 1318,2992 1320,2992 1369,2980 1451,2994 1465,2996 1468,2996 1691,2994 1691,2957 1684,2914 1129,2923 1109,2914 1099,2911 1097,2911 1095,2911 1056,2914 954,2925 832,2916 798,2914 796,2914 777,2916 694,2927 561,2916 543,2916"/>
        <Baseline points="197,2969 1691,2957"/>
        <TextEquiv conf="0.9787562317318387">
          <Unicode>Mies tant fu bien adieu ses cuereet sespenses</Unicode>
        </TextEquiv>
      </TextLine>

      
      
      <TextLine id="eSc_line_39820467" custom="structure {type:default;}">
        <Coords points="1369,2962 1348,2971 1304,2962 1286,2962 1263,2962 1258,2962 1141,2973 996,2966 954,2964 941,2964 918,2964 895,2964 865,2969 807,2976 761,2969 738,2966 734,2966 710,2966 687,2966 664,2966 641,2966 639,2966 204,2978 207,3022 207,3035 1382,3033 1385,3010 1375,2962 1369,2962"/>
        <Baseline points="207,3022 1385,3010"/>
        <TextEquiv conf="0.9527027466717888">
          <Unicode>Corques de lauemy il ne fu encante</Unicode>
        </TextEquiv>
      </TextLine>

      
      
      <TextLine id="eSc_line_91e68f87" custom="structure {type:default;}">
        <Coords points="1323,3012 1300,3012 1277,3012 1254,3012 1235,3012 1182,3022 1143,3012 1138,3015 1115,3015 1092,3015 1069,3015 1046,3015 1023,3015 1000,3015 994,3015 918,3015 908,3017 885,3017 862,3017 860,3017 195,3026 197,3070 197,3091 1543,3077 1546,3047 1539,3008 1456,3019 1325,3012 1323,3012"/>
        <Baseline points="197,3070 1283,3061 1546,3047"/>
        <TextEquiv conf="0.9952132686590537">
          <Unicode>Ile cuue seule sair ne sonpris ne ganes</Unicode>
        </TextEquiv>
      </TextLine>

      
      
      <TextLine id="eSc_line_5df2c59b" custom="structure {type:default;}">
        <Coords points="1270,3063 1247,3063 1244,3063 1178,3075 1134,3065 1118,3063 1115,3063 1113,3063 1111,3063 1111,3065 1109,3065 1099,3077 961,3077 950,3068 945,3065 931,3065 927,3070 918,3077 782,3072 685,3068 671,3068 648,3068 625,3068 623,3068 586,3075 554,3079 524,3075 478,3068 464,3070 444,3070 349,3077 352,3118 352,3139 1509,3125 1511,3109 1504,3061 1433,3072 1309,3063 1283,3061 1270,3063"/>
        <Baseline points="352,3118 1511,3109"/>
        <TextEquiv conf="0.9758442376341139">
          <Unicode>dres bien cõment Il en fuatoiernes</Unicode>
        </TextEquiv>
      </TextLine>

      
      
      <TextLine id="eSc_line_5c46519f" custom="structure {type:default;}">
        <Coords points="554,3118 531,3118 508,3118 485,3118 462,3118 439,3118 416,3118 393,3118 370,3118 368,3116 255,3116 257,3160 257,3185 497,3173 524,3187 529,3190 531,3190 533,3190 536,3190 543,3187 577,3173 708,3173 816,3187 819,3187 821,3187 823,3187 826,3187 837,3176 867,3187 872,3190 874,3190 876,3192 1026,3192 1026,3190 1028,3190 1030,3190 1046,3176 1106,3190 1113,3190 1115,3190 1118,3190 1120,3190 1152,3173 1235,3173 1279,3190 1281,3190 1283,3190 1286,3190 1350,3173 1481,3190 1486,3157 1481,3125 561,3118 554,3118"/>
        <Baseline points="257,3160 1486,3157"/>
        <TextEquiv conf="0.9642238020896912">
          <Unicode>Rii ptl ⁊ropurtas que uoꝰ Ere mox</Unicode>
        </TextEquiv>
      </TextLine>

      
      
      <TextLine id="eSc_line_95a5f425" custom="structure {type:default;}">
        <Coords points="1484,3160 1461,3160 1438,3160 1415,3160 1392,3160 1369,3160 1346,3160 1323,3160 1300,3160 1277,3160 1254,3160 1231,3160 1208,3160 1184,3160 1161,3160 1138,3160 1115,3160 1092,3160 1069,3160 1046,3160 1023,3160 1000,3160 977,3160 954,3160 931,3160 918,3160 241,3167 243,3208 246,3272 347,3242 377,3252 379,3252 381,3252 552,3240 595,3261 612,3270 614,3270 616,3272 681,3272 681,3270 924,3268 927,3268 961,3254 1019,3265 1021,3265 1023,3265 1026,3265 1056,3247 1079,3233 1196,3233 1260,3233 1267,3240 1293,3263 1295,3263 1297,3263 1300,3263 1435,3261 1438,3261 1440,3261 1486,3233 1493,3231 1603,3231 1606,3194 1599,3150 1486,3150 1484,3160"/>
        <Baseline points="243,3208 1606,3194"/>
        <TextEquiv conf="0.9700367718935012">
          <Unicode>ly une diables oife⁊ qͣu est desmesteres</Unicode>
        </TextEquiv>
      </TextLine>

      
    </TextRegion>
    

    
  </Page>
</PcGts>
