<?xml version="1.0" encoding="UTF-8"  standalone="yes"?>
<PcGts xmlns="http://schema.primaresearch.org/PAGE/gts/pagecontent/2019-07-15" xmlns:xsi="http://www.w3.org/2001/XMLSchema-instance" xsi:schemaLocation="http://schema.primaresearch.org/PAGE/gts/pagecontent/2019-07-15 http://schema.primaresearch.org/PAGE/gts/pagecontent/2019-07-15/pagecontent.xsd">
  <Metadata>
	<Creator>escriptorium</Creator>
	<Created>2025-10-15T20:24:02.983487+00:00</Created>
        <LastChange>2025-10-15T20:24:02.983525+00:00</LastChange>

  </Metadata>
  <Page imageFilename="620416201_MS0742_0766_0027A.jpg" imageWidth="3104" imageHeight="4140">

    
    <TextRegion id="eSc_textblock_08a1c084"  custom="structure {type:text;}">
      <Coords points="1608,552 1698,552 1790,671 1808,1092 1882,1159 1872,1221 1707,1315 1780,1488 1642,1609 1642,1708 1606,1757 1725,1904 1707,2214 1764,2272 2020,2309 1965,2463 1866,2472 1771,2539 1780,2592 1872,2631 1912,2714 2137,2750 2109,2760 2137,2785 1930,2812 2011,2849 1700,2914 1596,2996 239,3015 202,1591 64,1561 46,1350 64,1269 174,1267 184,680 276,653 1477,653 1608,552"/>
      
      
      <TextLine id="eSc_line_20a32050" custom="structure {type:default;}">
        <Coords points="432,722 432,752 1481,752 1481,749 1484,749 1486,749 1502,738 1507,736 1532,738 1642,747 1645,747 1771,733 1771,710 1767,676 1709,673 1688,655 1686,655 1684,655 1682,655 1679,655 1677,655 1677,657 1661,673 1576,673 1504,655 1502,655 1500,655 1497,655 1463,673 1428,657 1426,657 1424,657 1304,669 1279,657 1277,657 1274,657 1272,657 1270,657 1249,676 1214,664 1212,664 1210,664 1208,664 1168,678 1122,669 1120,669 961,683 835,683 798,662 796,662 793,662 791,662 750,680 704,664 701,664 699,664 697,664 694,664 681,676 658,664 655,664 473,664 471,664 469,664 430,683 432,722"/>
        <Baseline points="432,722 1771,710"/>
        <TextEquiv conf="0.9761549433072408">
          <Unicode>n ua le paigneur que moult fu sage ouurier</Unicode>
        </TextEquiv>
      </TextLine>

      
      
      <TextLine id="eSc_line_a182b7d3" custom="structure {type:default;}">
        <Coords points="223,784 223,816 308,800 370,814 377,814 379,814 381,814 386,814 444,795 492,809 499,811 501,811 503,811 529,809 655,793 791,802 832,804 835,804 837,804 849,800 878,791 998,791 1010,798 1023,807 1026,807 1028,807 1030,807 1033,807 1074,795 1102,788 1125,793 1171,804 1173,804 1175,804 1201,791 1208,788 1224,791 1283,802 1286,802 1442,791 1622,800 1624,800 1626,800 1672,779 1672,768 1668,738 1488,724 1486,724 1484,724 1481,724 1461,738 1447,726 1445,726 1442,726 1440,726 1438,726 1435,726 1417,740 1286,740 1244,740 1242,740 1115,729 1113,729 1049,742 1046,742 1044,742 876,731 874,731 805,745 439,736 437,736 434,736 432,736 432,738 421,747 241,738 239,738 236,738 234,738 220,745 223,784"/>
        <Baseline points="223,784 1672,768"/>
        <TextEquiv conf="0.964824161359242">
          <Unicode>oy en poete le tarda que su paite a q̃uyer</Unicode>
        </TextEquiv>
      </TextLine>

      
      
      <TextLine id="eSc_line_9be1b854" custom="structure {type:default;}">
        <Coords points="211,837 211,853 1431,841 1433,825 1428,793 1277,779 1274,779 1182,793 1173,793 1168,793 1132,779 1129,779 1127,779 1005,793 994,793 989,793 943,779 941,779 938,779 936,779 904,793 897,798 816,798 812,793 800,781 798,781 796,781 715,781 713,781 710,781 708,781 692,793 690,795 687,793 667,784 664,784 543,784 540,784 538,784 515,793 508,798 499,793 480,784 478,784 476,784 473,784 437,793 418,798 209,795 211,837"/>
        <Baseline points="211,837 1433,825"/>
        <TextEquiv conf="0.9740861907601357">
          <Unicode>qui ymages a faites en le sent be coener</Unicode>
        </TextEquiv>
      </TextLine>

      
      
      <TextLine id="eSc_line_5f5cb85c" custom="structure {type:default;}">
        <Coords points="1401,827 1398,827 1396,827 1394,827 1371,846 1316,837 1313,837 1311,837 1309,837 1309,839 1300,846 1297,848 1281,846 1178,830 1161,830 1138,830 1007,844 954,848 924,844 876,832 862,832 839,832 816,832 793,832 789,832 780,841 775,844 759,841 710,832 708,832 706,832 678,839 658,846 635,839 616,834 612,834 589,834 556,839 508,846 490,839 480,834 473,834 450,837 439,837 411,846 220,837 220,892 218,903 485,910 487,910 545,903 602,896 655,903 715,910 717,910 720,910 722,910 729,903 738,896 927,896 1051,901 1279,913 1281,913 1283,913 1306,901 1311,899 1316,901 1341,913 1343,913 1346,913 1348,913 1375,901 1389,901 1672,913 1675,913 1677,913 1718,899 1721,890 1721,850 1672,827 1670,827 1668,827 1665,827 1619,846 1578,827 1576,827 1477,827 1474,827 1472,827 1470,827 1451,844 1403,827 1401,827"/>
        <Baseline points="220,892 763,878 1721,890"/>
        <TextEquiv conf="0.988543288652287">
          <Unicode>De Retout cel samblant mentir ne uous eq̃ms</Unicode>
        </TextEquiv>
      </TextLine>

      
      
      <TextLine id="eSc_line_472f00c8" custom="structure {type:default;}">
        <Coords points="1295,885 1290,885 1274,896 1251,885 1249,885 1247,885 1132,896 1035,883 1033,883 1030,883 982,896 971,887 971,885 968,885 966,885 800,885 798,885 722,887 720,887 717,887 717,890 701,903 556,894 554,894 423,906 393,892 391,892 388,892 386,892 384,892 384,894 365,908 262,896 260,896 257,896 213,910 216,947 216,970 352,970 352,968 354,968 356,968 368,956 398,968 402,968 404,968 407,968 409,968 411,968 448,952 538,965 545,965 547,965 552,965 635,949 731,963 736,963 738,963 740,963 803,947 950,961 954,961 957,961 959,961 1014,945 1104,959 1106,959 1221,942 1309,956 1311,956 1313,956 1346,942 1373,954 1375,954 1378,956 1564,956 1566,938 1562,896 1339,896 1316,885 1295,885"/>
        <Baseline points="216,947 1053,926 1566,938"/>
        <TextEquiv conf="0.9810279347957709">
          <Unicode>Eon la royne elame que le mer at entier</Unicode>
        </TextEquiv>
      </TextLine>

      
      
      <TextLine id="eSc_line_1ebac21f" custom="structure {type:default;}">
        <Coords points="1433,936 1412,936 1378,947 1240,936 1237,936 1060,949 1023,938 1021,938 1019,938 828,954 690,940 687,940 609,954 549,945 547,945 545,945 499,956 476,945 473,945 471,945 469,945 467,945 446,959 379,949 377,949 213,961 216,1007 220,1028 236,1016 377,1025 416,1028 418,1028 421,1028 425,1025 453,1011 487,1021 490,1021 492,1021 494,1021 497,1021 515,1005 536,1014 538,1014 540,1014 867,1002 915,1016 918,1016 920,1016 922,1016 924,1016 924,1014 927,1014 936,1002 959,1014 961,1014 964,1014 966,1014 994,1000 1042,1018 1044,1018 1046,1018 1182,998 1272,1011 1274,1011 1277,1011 1306,998 1362,1011 1364,1011 1366,1011 1369,1011 1392,1000 1424,1016 1426,1016 1428,1016 1769,1014 1771,995 1769,947 1677,947 1654,931 1652,931 1649,931 1647,931 1645,931 1603,947 1603,949 1546,949 1465,949 1433,936 1433,936"/>
        <Baseline points="216,1007 784,982 1300,982 1771,995"/>
        <TextEquiv conf="0.9804877003897792">
          <Unicode>Et puil Reuint au roy que moult ot lenier fier</Unicode>
        </TextEquiv>
      </TextLine>

      
      
      <TextLine id="eSc_line_7169df7c" custom="structure {type:default;}">
        <Coords points="1097,984 1095,984 1042,998 1003,984 1000,984 998,984 996,984 994,984 994,986 977,1002 934,1002 851,986 849,986 715,1007 690,988 687,988 685,988 671,988 648,988 625,991 602,991 554,1007 520,993 510,995 497,995 471,1014 234,1016 236,1064 236,1085 425,1083 427,1083 430,1083 471,1062 490,1078 490,1081 492,1081 494,1081 497,1083 577,1083 577,1081 579,1081 582,1081 584,1078 621,1053 710,1053 743,1071 745,1071 747,1071 750,1071 752,1071 809,1051 881,1051 904,1067 906,1067 908,1067 911,1067 913,1067 971,1053 1037,1062 1040,1062 1042,1062 1044,1062 1067,1048 1159,1067 1182,1069 1184,1069 1187,1069 1189,1069 1194,1064 1208,1053 1226,1064 1240,1071 1242,1071 1244,1071 1247,1071 1249,1071 1260,1064 1272,1058 1293,1062 1327,1071 1329,1071 1332,1071 1334,1071 1359,1062 1389,1048 1417,1060 1424,1032 1419,998 1099,984 1097,984"/>
        <Baseline points="236,1064 425,1058 607,1037 1424,1032"/>
        <TextEquiv conf="0.980286362694531">
          <Unicode>le tarae ly pate que moult fist a prisier</Unicode>
        </TextEquiv>
      </TextLine>

      
      
      <TextLine id="eSc_line_11deecdd" custom="structure {type:default;}">
        <Coords points="227,1133 227,1150 407,1147 409,1147 411,1147 444,1129 522,1143 524,1143 526,1143 529,1143 591,1115 874,1110 906,1122 908,1122 911,1122 913,1122 915,1122 915,1120 927,1108 1058,1106 1132,1117 1134,1117 1136,1117 1138,1117 1138,1115 1141,1115 1150,1104 1208,1104 1231,1120 1235,1124 1237,1124 1240,1124 1242,1127 1300,1127 1300,1124 1378,1115 1445,1108 1463,1113 1486,1120 1488,1120 1491,1120 1493,1120 1516,1110 1541,1101 1585,1108 1626,1115 1629,1115 1780,1101 1780,1081 1774,1046 1711,1046 1661,1028 1658,1028 1656,1028 1497,1051 1470,1030 1468,1030 1465,1030 1463,1030 1461,1030 1403,1055 1378,1055 1318,1058 1316,1058 1283,1044 1281,1044 1279,1044 1145,1053 1076,1039 1074,1039 1072,1039 1030,1060 980,1044 977,1044 975,1044 890,1058 867,1044 865,1044 862,1044 860,1044 715,1064 683,1048 681,1048 678,1048 593,1051 591,1051 589,1051 589,1053 572,1069 538,1058 536,1058 533,1058 531,1058 492,1078 450,1062 448,1062 446,1062 444,1062 441,1062 441,1064 423,1081 225,1085 227,1133"/>
        <Baseline points="227,1133 754,1092 1780,1081"/>
        <TextEquiv conf="0.9864464414363004">
          <Unicode>ly rois uoit lel ymages moult forment les ot cher</Unicode>
        </TextEquiv>
      </TextLine>

      
      
      <TextLine id="eSc_line_f70b0387" custom="structure {type:default;}">
        <Coords points="1175,1170 1152,1161 1132,1152 1113,1110 1056,1092 1053,1092 1051,1092 1049,1092 989,1120 897,1099 895,1099 812,1104 809,1104 807,1104 807,1106 789,1124 752,1110 750,1110 747,1110 692,1117 690,1117 687,1117 687,1120 685,1120 676,1133 660,1120 658,1120 655,1120 653,1120 575,1131 549,1120 547,1120 545,1120 543,1120 467,1143 448,1147 439,1143 418,1133 416,1133 414,1133 411,1133 377,1145 345,1156 312,1150 257,1136 255,1136 253,1136 250,1136 232,1145 236,1200 236,1223 414,1205 520,1209 522,1209 524,1209 566,1193 600,1205 602,1205 605,1205 607,1205 685,1186 715,1198 717,1198 720,1198 722,1198 770,1179 1166,1173 1198,1173 1194,1170 1175,1170"/>
        <Baseline points="236,1200 987,1154 1127,1156 1187,1177 1198,1173"/>
        <TextEquiv conf="0.9709440469741821">
          <Unicode>bes cheualiers apale ou il si</Unicode>
        </TextEquiv>
      </TextLine>

      
      
      <TextLine id="eSc_line_696f8955" custom="structure {type:default;}">
        <Coords points="853,1223 853,1242 1079,1239 1081,1219 1076,1179 1021,1166 1019,1166 941,1182 908,1168 906,1168 904,1168 901,1168 851,1184 853,1223"/>
        <Baseline points="853,1223 1081,1219"/>
        <TextEquiv conf="0.9827205538749695">
          <Unicode>ꝯsambli</Unicode>
        </TextEquiv>
      </TextLine>

      
      
      <TextLine id="eSc_line_db3b8b7b" custom="structure {type:default;}">
        <Coords points="1189,1173 1166,1170 1141,1163 1145,1184 1155,1237 1208,1228 1198,1173 1196,1170 1189,1173"/>
        <Baseline points="1145,1184 1198,1173"/>
        <TextEquiv conf="0.9989782571792603">
          <Unicode>D</Unicode>
        </TextEquiv>
      </TextLine>

      
      
      <TextLine id="eSc_line_51f8cf74" custom="structure {type:default;}">
        <Coords points="225,1267 526,1267 536,1271 554,1283 556,1283 559,1283 561,1285 708,1285 708,1283 770,1274 805,1269 878,1274 961,1281 964,1281 966,1281 968,1281 973,1276 987,1267 1099,1276 1127,1278 1129,1278 1152,1278 1272,1267 1283,1278 1288,1281 1288,1283 1290,1283 1293,1283 1295,1283 1596,1281 1596,1253 1596,1225 1479,1205 1477,1205 1474,1205 1472,1205 1451,1221 1447,1225 855,1225 842,1209 830,1200 830,1198 828,1198 826,1198 547,1198 545,1198 543,1198 531,1202 497,1223 340,1202 338,1202 335,1202 287,1221 227,1198 225,1253 225,1267"/>
        <Baseline points="225,1253 1596,1253"/>
        <TextEquiv conf="0.9708750837523005">
          <Unicode>Beigneur quiambre elame mannie quay tant chier</Unicode>
        </TextEquiv>
      </TextLine>

      
      
      <TextLine id="eSc_line_82ed894c" custom="structure {type:default;}">
        <Coords points="1212,1216 1212,1235 1263,1237 1265,1216 1263,1184 1212,1184 1212,1216"/>
        <Baseline points="1212,1216 1265,1216"/>
        <TextEquiv conf="0.9535702466964722">
          <Unicode>t</Unicode>
        </TextEquiv>
      </TextLine>

      
      
      <TextLine id="eSc_line_d7e5c7c5" custom="structure {type:default;}">
        <Coords points="78,1267 78,1304 78,1336 101,1336 101,1304 101,1267 78,1267"/>
        <Baseline points="78,1304 101,1304"/>
        <TextEquiv conf="0.9992029070854187">
          <Unicode>2</Unicode>
        </TextEquiv>
      </TextLine>

      
      
      <TextLine id="eSc_line_26b75637" custom="structure {type:default;}">
        <Coords points="1272,1255 1249,1255 1226,1255 1203,1255 1180,1255 1157,1255 1134,1255 1111,1255 1088,1255 1065,1255 1042,1255 1019,1255 996,1255 973,1255 966,1255 964,1258 775,1260 759,1255 743,1255 720,1255 713,1255 658,1269 568,1269 556,1255 536,1255 513,1255 490,1255 478,1255 476,1258 462,1267 450,1258 446,1255 444,1255 421,1255 398,1255 381,1255 213,1260 218,1327 218,1359 1019,1308 1111,1317 1113,1317 1254,1299 1279,1317 1286,1281 1279,1255 1272,1255"/>
        <Baseline points="218,1327 513,1322 770,1299 1286,1281"/>
        <TextEquiv conf="0.9643952702030991">
          <Unicode>y sumons qͥ uamend nyauant ny are</Unicode>
        </TextEquiv>
      </TextLine>

      
      
      <TextLine id="eSc_line_84e56e88" custom="structure {type:default;}">
        <Coords points="64,1396 64,1421 181,1421 184,1421 188,1419 227,1400 391,1412 404,1412 407,1412 409,1412 411,1412 434,1391 462,1403 464,1403 467,1403 469,1403 531,1386 609,1400 612,1400 614,1400 648,1382 782,1396 784,1396 786,1396 789,1396 791,1396 826,1375 897,1384 899,1384 1056,1366 1290,1375 1293,1375 1295,1375 1325,1361 1668,1361 1670,1336 1665,1297 1546,1283 1543,1283 1541,1283 1539,1283 1518,1301 1516,1301 1514,1301 1438,1292 1435,1292 1433,1292 1403,1304 1352,1290 1350,1290 1348,1290 1346,1290 1288,1308 1237,1294 1235,1294 1233,1294 1134,1313 1118,1301 1115,1301 1113,1301 1111,1301 1023,1304 1021,1304 980,1320 945,1306 943,1306 941,1306 938,1306 888,1324 832,1311 830,1311 828,1311 775,1313 773,1313 770,1313 752,1329 724,1317 722,1317 720,1317 554,1338 513,1324 510,1324 508,1324 414,1345 411,1347 62,1359 64,1396"/>
        <Baseline points="64,1396 998,1350 1670,1336"/>
        <TextEquiv conf="0.951951839165254">
          <Unicode>incheQeuant ly les entent lescut ua eces eubriser chirr</Unicode>
        </TextEquiv>
      </TextLine>

      
      
      <TextLine id="eSc_line_da89b8fd" custom="structure {type:default;}">
        <Coords points="1375,1343 1366,1343 1350,1354 1329,1343 1329,1345 1313,1345 1302,1357 1274,1345 1272,1345 1270,1345 1267,1345 1265,1345 1244,1357 1104,1352 1102,1352 1099,1352 1072,1366 1069,1366 908,1361 906,1361 904,1361 901,1361 888,1373 835,1363 832,1363 830,1363 775,1380 773,1380 766,1380 632,1373 630,1373 556,1386 524,1377 522,1377 520,1377 517,1377 515,1377 499,1391 453,1380 450,1380 448,1380 446,1380 398,1393 292,1389 289,1389 66,1409 69,1451 69,1476 230,1474 232,1474 246,1469 287,1453 319,1465 322,1465 324,1465 326,1465 329,1465 347,1451 372,1462 381,1467 384,1467 386,1467 421,1460 503,1444 538,1455 554,1460 556,1460 559,1460 561,1460 582,1453 625,1439 738,1444 740,1444 832,1430 888,1439 924,1444 927,1444 929,1444 931,1444 941,1437 954,1426 996,1435 1007,1435 1010,1435 1033,1432 1120,1419 1168,1426 1212,1432 1214,1432 1263,1421 1283,1416 1295,1419 1320,1428 1323,1428 1325,1428 1491,1409 1493,1391 1488,1350 1403,1352 1385,1343 1375,1343"/>
        <Baseline points="69,1451 789,1414 1493,1391"/>
        <TextEquiv conf="0.9714489129124856">
          <Unicode>en saba uus de ix fais le baise ne se pot saisier</Unicode>
        </TextEquiv>
      </TextLine>

      
      
      <TextLine id="eSc_line_8281616f" custom="structure {type:default;}">
        <Coords points="66,1499 66,1520 124,1531 126,1531 345,1513 409,1508 416,1511 434,1520 437,1520 439,1520 441,1520 444,1520 457,1511 462,1508 515,1508 708,1511 710,1511 761,1501 798,1494 812,1499 826,1506 828,1506 830,1506 832,1506 835,1506 844,1499 855,1492 904,1497 924,1499 927,1499 929,1499 938,1497 971,1488 1005,1494 1030,1499 1033,1499 1035,1499 1058,1492 1099,1483 1134,1490 1143,1492 1145,1492 1161,1490 1231,1478 1546,1478 1550,1446 1546,1414 1419,1403 1417,1403 1325,1419 1293,1407 1290,1407 1288,1407 1214,1423 1210,1423 1198,1423 1044,1416 1042,1416 918,1432 892,1435 874,1435 782,1426 780,1426 722,1439 704,1442 690,1439 648,1432 646,1432 644,1432 641,1432 641,1435 639,1435 635,1442 632,1446 543,1446 538,1444 517,1435 515,1435 513,1435 510,1435 467,1446 446,1453 365,1453 358,1449 349,1442 347,1442 345,1442 342,1442 340,1442 338,1442 324,1451 317,1455 296,1451 257,1444 255,1444 253,1444 250,1444 234,1453 225,1460 64,1460 66,1499"/>
        <Baseline points="66,1499 1550,1446"/>
        <TextEquiv conf="0.9929831183474996">
          <Unicode>mon Se uent fait cõmander con se uoit lerbeer</Unicode>
        </TextEquiv>
      </TextLine>

      
      
      <TextLine id="eSc_line_15db699f" custom="structure {type:default;}">
        <Coords points="1723,1492 1723,1511 1732,1513 1734,1492 1734,1444 1723,1444 1723,1492"/>
        <Baseline points="1723,1492 1734,1492"/>
        <TextEquiv conf="0.942035973072052">
          <Unicode>.</Unicode>
        </TextEquiv>
      </TextLine>

      
      
      <TextLine id="eSc_line_81a02abc" custom="structure {type:default;}">
        <Coords points="78,1545 78,1580 170,1580 170,1545 170,1515 78,1504 78,1545"/>
        <Baseline points="78,1545 170,1545"/>
        <TextEquiv conf="0.9998176693916321">
          <Unicode>27</Unicode>
        </TextEquiv>
      </TextLine>

      
      
      <TextLine id="eSc_line_3929bf6d" custom="structure {type:default;}">
        <Coords points="250,1554 253,1591 285,1577 342,1586 347,1586 349,1586 352,1586 354,1586 393,1566 508,1577 529,1580 531,1580 561,1575 699,1552 759,1566 777,1568 780,1568 782,1568 791,1563 823,1547 849,1561 851,1561 853,1561 855,1561 858,1561 860,1561 860,1559 885,1545 943,1557 975,1561 977,1561 980,1561 1005,1552 1046,1538 1129,1545 1132,1545 1134,1545 1198,1534 1214,1540 1226,1547 1228,1547 1231,1547 1233,1547 1235,1547 1247,1540 1258,1534 1277,1538 1309,1547 1311,1547 1313,1547 1316,1547 1364,1534 1401,1524 1451,1529 1534,1538 1537,1538 1585,1536 1587,1536 1589,1536 1589,1534 1606,1522 1612,1515 1702,1515 1707,1494 1705,1458 1638,1446 1635,1446 1633,1446 1594,1460 1592,1460 1583,1460 1463,1455 1461,1455 1392,1467 1371,1469 1359,1467 1320,1458 1318,1458 1316,1458 1313,1458 1272,1469 1258,1474 1244,1472 1205,1462 1203,1462 1092,1476 1030,1483 989,1478 936,1474 934,1474 800,1485 639,1499 566,1492 533,1490 531,1490 529,1490 515,1494 473,1506 246,1504 250,1554"/>
        <Baseline points="250,1554 1707,1494"/>
        <TextEquiv conf="0.9951204847782216">
          <Unicode>Et se uoissent au port pour les uaisiaux nagier</Unicode>
        </TextEquiv>
      </TextLine>

      
      
      <TextLine id="eSc_line_70f89113" custom="structure {type:default;}">
        <Coords points="230,1619 232,1651 280,1639 409,1642 434,1642 437,1642 439,1642 444,1639 476,1628 600,1632 655,1632 658,1632 660,1632 662,1632 662,1630 667,1628 676,1619 754,1623 805,1626 807,1626 809,1626 812,1626 821,1619 832,1612 849,1619 865,1623 867,1623 869,1623 1079,1605 1120,1603 1132,1603 1203,1609 1205,1609 1208,1609 1210,1609 1226,1598 1228,1596 1237,1596 1281,1605 1283,1605 1488,1582 1488,1566 1484,1515 1435,1515 1433,1515 1431,1515 1428,1515 1401,1534 1336,1520 1329,1520 1327,1520 1325,1520 1323,1520 1323,1522 1306,1538 1235,1527 1233,1527 1150,1547 984,1552 904,1538 901,1538 899,1538 892,1538 628,1563 612,1550 609,1550 607,1550 605,1550 602,1550 566,1570 499,1573 473,1557 471,1557 469,1557 467,1557 464,1557 416,1575 370,1561 368,1561 365,1561 225,1563 230,1619"/>
        <Baseline points="230,1619 1488,1566"/>
        <TextEquiv conf="0.9648071014603903">
          <Unicode>Cascuns le faitausy sans point de cie trier</Unicode>
        </TextEquiv>
      </TextLine>

      
      
      <TextLine id="eSc_line_d3ff6470" custom="structure {type:default;}">
        <Coords points="1470,1568 1465,1568 1279,1589 1228,1580 1226,1580 1224,1580 1194,1593 1083,1589 1081,1589 1079,1589 1076,1589 1076,1591 1065,1603 938,1607 924,1596 922,1596 920,1596 918,1596 915,1596 913,1596 897,1612 816,1614 780,1603 777,1603 775,1603 706,1607 704,1607 701,1607 701,1609 687,1623 358,1626 356,1626 354,1626 354,1628 340,1639 241,1632 239,1632 236,1632 234,1632 234,1635 232,1635 227,1637 232,1681 232,1711 319,1695 384,1704 386,1704 570,1681 685,1688 692,1688 694,1688 697,1688 699,1688 738,1672 773,1683 775,1683 777,1683 789,1683 947,1660 1019,1669 1023,1669 1026,1669 1028,1669 1030,1669 1046,1655 1099,1665 1104,1665 1106,1665 1113,1665 1198,1646 1233,1658 1235,1658 1237,1658 1240,1658 1256,1655 1369,1637 1380,1646 1380,1649 1382,1649 1385,1649 1387,1649 1389,1649 1392,1649 1456,1632 1573,1637 1576,1607 1573,1575 1534,1561 1532,1561 1530,1561 1470,1566 1470,1568"/>
        <Baseline points="232,1681 1576,1607"/>
        <TextEquiv conf="0.9988266653484769">
          <Unicode>Et ly uous Rais heuris qui tant fait aprisier</Unicode>
        </TextEquiv>
      </TextLine>

      
      
      <TextLine id="eSc_line_4875bd27" custom="structure {type:default;}">
        <Coords points="211,1745 213,1775 255,1759 319,1768 335,1770 338,1770 340,1770 349,1768 381,1752 471,1759 503,1761 506,1761 533,1757 595,1741 722,1743 800,1745 803,1745 805,1745 830,1736 849,1731 878,1734 920,1738 922,1738 924,1738 927,1738 938,1731 952,1722 1069,1722 1221,1722 1224,1722 1226,1722 1256,1711 1274,1704 1316,1706 1389,1713 1392,1713 1394,1713 1396,1713 1415,1701 1424,1695 1603,1688 1603,1669 1599,1630 1468,1626 1465,1626 1463,1626 1440,1637 1433,1642 1297,1649 1279,1646 1217,1639 1214,1639 1212,1639 1180,1653 1171,1658 1028,1662 1017,1662 964,1653 961,1653 890,1669 876,1672 869,1669 837,1660 835,1660 832,1660 830,1660 796,1674 789,1676 775,1676 710,1667 708,1667 566,1688 540,1690 533,1688 501,1678 499,1678 497,1678 209,1706 211,1745"/>
        <Baseline points="211,1745 1603,1669"/>
        <TextEquiv conf="0.9832707786041758">
          <Unicode>Prist congiet a elame quil auoit forment chier</Unicode>
        </TextEquiv>
      </TextLine>

      
      
      <TextLine id="eSc_line_099f352e" custom="structure {type:default;}">
        <Coords points="230,1800 230,1816 404,1823 407,1823 1122,1773 1290,1761 1300,1764 1332,1775 1334,1775 1336,1775 1339,1775 1341,1775 1357,1761 1362,1757 1504,1752 1507,1729 1502,1699 1380,1690 1378,1690 1221,1713 1217,1713 1214,1713 1161,1701 1159,1701 977,1711 975,1711 941,1727 931,1731 623,1745 598,1741 554,1734 552,1734 549,1734 547,1734 547,1736 538,1743 531,1750 457,1747 381,1745 379,1745 377,1745 358,1752 338,1759 331,1752 322,1745 319,1745 317,1745 315,1745 225,1757 230,1800"/>
        <Baseline points="230,1800 782,1777 1099,1747 1507,1729"/>
        <TextEquiv conf="0.9887410870620182">
          <Unicode>Et puis ala monter sur le coirant destrier</Unicode>
        </TextEquiv>
      </TextLine>

      
      
      <TextLine id="eSc_line_bf2568c6" custom="structure {type:default;}">
        <Coords points="227,1858 227,1879 296,1888 299,1888 499,1876 501,1876 503,1876 503,1874 506,1874 515,1862 515,1860 566,1860 987,1849 1095,1830 1109,1828 1120,1828 1214,1835 1217,1835 1219,1835 1221,1835 1221,1833 1233,1821 1235,1821 1242,1821 1329,1828 1332,1828 1502,1805 1502,1789 1495,1743 1378,1759 1279,1754 1260,1754 1258,1754 1256,1754 1251,1757 1217,1768 1152,1761 1141,1761 1138,1761 1136,1761 1132,1764 1097,1775 1035,1768 1023,1768 1021,1768 1003,1770 897,1789 223,1814 227,1858"/>
        <Baseline points="227,1858 676,1842 1502,1789"/>
        <TextEquiv conf="0.9668328702449799">
          <Unicode>O panitre fait donui nrargent et orimier</Unicode>
        </TextEquiv>
      </TextLine>

      
      
      <TextLine id="eSc_line_09e1db2f" custom="structure {type:default;}">
        <Coords points="1092,1816 1083,1816 1046,1830 1028,1837 809,1849 791,1842 775,1835 773,1837 750,1837 727,1839 704,1842 681,1842 674,1842 658,1844 653,1844 572,1851 570,1851 568,1851 568,1853 566,1853 566,1856 554,1867 485,1858 469,1858 467,1858 464,1858 457,1860 421,1876 381,1865 372,1862 370,1862 368,1862 365,1862 356,1865 329,1876 266,1872 271,1915 271,1936 375,1931 381,1931 464,1945 467,1945 469,1945 471,1945 471,1943 473,1943 485,1929 602,1936 605,1936 607,1936 676,1915 717,1927 720,1927 722,1927 837,1920 839,1920 892,1897 1021,1899 1023,1899 1026,1899 1028,1899 1028,1897 1030,1897 1040,1885 1097,1902 1099,1902 1102,1902 1104,1902 1106,1902 1136,1879 1184,1892 1187,1892 1189,1892 1191,1892 1272,1867 1272,1858 1267,1819 1152,1823 1150,1823 1113,1814 1092,1816"/>
        <Baseline points="271,1915 575,1906 1164,1858 1272,1858"/>
        <TextEquiv conf="0.9693022957353881">
          <Unicode>port sen uontaseͬrgent et escuier</Unicode>
        </TextEquiv>
      </TextLine>

      
      
      <TextLine id="eSc_line_eb8fe19f" custom="structure {type:default;}">
        <Coords points="324,1915 301,1915 294,1915 232,1931 234,1968 234,1982 308,1982 310,1982 326,1994 329,1994 331,1994 333,1994 335,1994 368,1980 370,1980 386,1994 386,1996 388,1996 391,1996 393,1998 460,1998 460,1996 734,1984 736,1984 738,1984 738,1982 754,1966 759,1964 775,1966 855,1980 858,1980 954,1959 982,1954 1040,1954 1042,1957 1056,1968 1058,1968 1060,1968 1063,1968 1065,1968 1067,1968 1088,1954 1092,1952 1097,1954 1134,1968 1136,1968 1138,1968 1141,1968 1191,1950 1210,1943 1445,1936 1456,1941 1472,1950 1474,1950 1477,1950 1479,1950 1502,1941 1507,1938 1516,1938 1573,1950 1576,1950 1702,1931 1702,1915 1695,1876 1610,1876 1557,1860 1555,1860 1553,1860 1550,1860 1488,1881 1426,1865 1424,1865 1421,1865 1419,1865 1362,1881 1332,1869 1329,1869 1327,1869 1233,1885 1198,1874 1196,1874 1194,1874 1191,1874 1189,1874 1189,1876 1175,1888 1118,1879 1115,1879 1113,1879 1111,1879 1090,1897 1067,1881 1065,1881 1063,1881 1060,1881 1058,1881 1012,1902 991,1883 989,1883 987,1883 984,1883 982,1883 918,1902 869,1888 867,1888 865,1888 862,1888 860,1888 830,1908 828,1911 743,1913 731,1913 641,1904 639,1904 637,1904 635,1904 635,1906 621,1918 579,1908 577,1908 575,1908 572,1908 561,1920 559,1920 554,1920 480,1913 478,1913 411,1925 402,1927 395,1927 333,1913 324,1915"/>
        <Baseline points="234,1968 625,1961 1237,1920 1702,1915"/>
        <TextEquiv conf="0.9897110208551935">
          <Unicode>En uaisaus sont entres bien furent dent millier</Unicode>
        </TextEquiv>
      </TextLine>

      
      
      <TextLine id="eSc_line_05bb0cc8" custom="structure {type:default;}">
        <Coords points="257,2035 257,2065 294,2065 296,2065 299,2065 299,2063 317,2046 476,2056 487,2056 490,2056 568,2051 570,2051 572,2051 589,2037 692,2044 715,2044 717,2044 720,2044 722,2044 722,2042 724,2042 743,2023 929,2017 952,2028 959,2033 961,2033 964,2033 966,2033 968,2033 968,2030 973,2028 987,2012 1037,2012 1056,2023 1063,2028 1065,2028 1067,2028 1069,2028 1072,2028 1090,2021 1129,2005 1224,2005 1242,2012 1258,2019 1260,2019 1263,2019 1265,2019 1293,2010 1329,1998 1435,2003 1484,2003 1486,2003 1488,2003 1500,1998 1525,1989 1543,1996 1564,2003 1566,2003 1569,2003 1645,1989 1645,1971 1640,1931 1500,1922 1497,1922 1495,1922 1447,1943 1300,1948 1277,1934 1274,1934 1272,1934 1270,1934 1267,1934 1265,1934 1265,1936 1263,1936 1254,1950 1164,1938 1161,1938 1159,1938 1157,1938 1136,1952 973,1948 971,1948 968,1948 920,1964 740,1959 738,1959 736,1959 681,1977 499,1971 497,1971 494,1971 492,1971 492,1973 490,1973 478,1989 411,1989 372,1977 370,1977 368,1977 365,1977 363,1977 347,1994 253,1998 257,2035"/>
        <Baseline points="257,2035 1026,1989 1645,1971"/>
        <TextEquiv conf="0.9668955955240461">
          <Unicode>y rois henirits y entre pensans a se moullier</Unicode>
        </TextEquiv>
      </TextLine>

      
      
      <TextLine id="eSc_line_62df2054" custom="structure {type:default;}">
        <Coords points="248,2090 248,2109 278,2122 280,2122 283,2122 285,2122 326,2106 427,2118 430,2118 432,2118 508,2097 513,2097 522,2097 667,2109 669,2109 759,2088 858,2097 860,2097 862,2097 890,2083 927,2097 929,2097 931,2097 934,2097 998,2076 1000,2076 1088,2090 1090,2090 1127,2088 1129,2088 1132,2088 1132,2086 1148,2070 1189,2086 1191,2086 1194,2086 1323,2063 1401,2076 1403,2076 1405,2076 1408,2076 1431,2058 1642,2046 1642,2026 1638,1984 1509,1989 1507,1989 1504,1989 1481,2003 1373,1996 1359,1996 1357,1996 1355,1996 1352,1996 1336,2010 1217,2003 1189,2003 1187,2003 1184,2003 1175,2005 1136,2019 1113,2007 1111,2007 1109,2007 1106,2007 1104,2007 1102,2007 1099,2010 1079,2021 904,2019 878,2019 876,2019 874,2019 872,2019 860,2030 832,2021 823,2019 821,2019 819,2019 816,2019 803,2023 763,2037 651,2040 635,2030 630,2028 628,2028 625,2028 623,2028 621,2028 618,2028 614,2033 598,2044 246,2049 248,2090"/>
        <Baseline points="248,2090 1067,2063 1642,2026"/>
        <TextEquiv conf="0.99408910844637">
          <Unicode>Sui ne scet qui ele est ⁊ se lauoit tant chier</Unicode>
        </TextEquiv>
      </TextLine>

      
      
      <TextLine id="eSc_line_24c92c3a" custom="structure {type:default;}">
        <Coords points="904,2070 901,2070 876,2076 844,2086 793,2079 752,2074 750,2074 747,2074 745,2074 736,2081 717,2093 637,2097 549,2086 526,2083 524,2083 522,2083 520,2083 517,2086 499,2102 407,2106 384,2095 381,2095 379,2095 377,2095 349,2109 241,2095 246,2148 246,2168 586,2168 586,2166 589,2166 591,2166 614,2152 616,2152 699,2162 701,2162 793,2145 796,2145 862,2155 865,2155 867,2155 901,2141 901,2139 1113,2132 1125,2132 1327,2136 1329,2136 1332,2136 1389,2120 1392,2120 1405,2120 1652,2122 1654,2122 1656,2122 1700,2106 1700,2083 1698,2056 1629,2040 1626,2040 1415,2049 1412,2049 1385,2063 1375,2067 1366,2063 1348,2058 1346,2058 1343,2058 1297,2065 1260,2072 1254,2067 1244,2060 1242,2060 1240,2060 1237,2060 1235,2060 1219,2067 1203,2076 1090,2079 1069,2072 1058,2067 1056,2067 1053,2067 1026,2072 977,2083 936,2074 906,2070 904,2070"/>
        <Baseline points="246,2148 1265,2111 1700,2083"/>
        <TextEquiv conf="0.9889373688594155">
          <Unicode>ais auchois quil retreuuie en son palais arier</Unicode>
        </TextEquiv>
      </TextLine>

      
      
      <TextLine id="eSc_line_ed923381" custom="structure {type:default;}">
        <Coords points="280,2201 283,2235 340,2221 513,2224 628,2226 630,2226 694,2214 754,2205 796,2210 851,2217 853,2217 920,2203 947,2198 957,2203 977,2212 980,2212 982,2212 984,2212 1021,2198 1030,2196 1042,2198 1097,2208 1099,2208 1102,2208 1150,2191 1161,2189 1171,2191 1212,2203 1214,2203 1217,2203 1219,2203 1221,2203 1242,2187 1244,2185 1323,2182 1325,2164 1320,2134 1217,2120 1214,2120 1063,2139 1046,2127 1044,2127 1042,2127 1040,2127 945,2132 943,2132 941,2132 924,2143 918,2148 883,2145 846,2141 844,2141 816,2145 789,2152 782,2148 775,2141 773,2141 770,2141 768,2141 713,2150 660,2157 651,2150 644,2145 641,2145 639,2145 637,2145 635,2145 621,2152 602,2159 370,2159 363,2159 361,2159 358,2159 333,2171 278,2162 280,2201"/>
        <Baseline points="280,2201 681,2196 1325,2164"/>
        <TextEquiv conf="0.9851727818741518">
          <Unicode>auera son estat ⁊ son lignage fier</Unicode>
        </TextEquiv>
      </TextLine>

      
      
      <TextLine id="eSc_line_c2525a73" custom="structure {type:default;}">
        <Coords points="1320,2166 1297,2166 1283,2166 1270,2178 1263,2182 1120,2189 1081,2185 1044,2178 1044,2180 1021,2180 1017,2180 1005,2187 987,2198 862,2203 837,2194 828,2189 814,2191 812,2191 793,2196 752,2205 740,2196 736,2194 722,2196 717,2196 708,2198 651,2214 618,2203 616,2203 614,2203 612,2203 609,2203 609,2205 607,2205 600,2214 579,2203 572,2198 570,2198 568,2198 566,2198 563,2198 552,2203 522,2219 480,2208 473,2205 471,2205 469,2205 467,2205 464,2205 462,2208 430,2226 386,2210 384,2210 381,2210 379,2210 241,2214 243,2247 246,2302 370,2283 427,2293 455,2297 457,2297 460,2297 490,2288 543,2274 582,2283 609,2288 612,2288 660,2277 713,2265 745,2272 777,2279 780,2279 922,2272 1003,2254 1012,2254 1021,2254 1102,2258 1104,2258 1106,2258 1136,2247 1145,2242 1150,2244 1168,2258 1171,2258 1173,2258 1175,2258 1263,2254 1484,2221 1484,2201 1481,2171 1378,2155 1375,2155 1320,2159 1320,2166"/>
        <Baseline points="243,2247 437,2258 835,2251 1484,2201"/>
        <TextEquiv conf="0.9694358855485916">
          <Unicode>Iuisy que uous ores ou luire prouõchier</Unicode>
        </TextEquiv>
      </TextLine>

      
      
      <TextLine id="eSc_line_9a06b09e" custom="structure {type:default;}">
        <Coords points="828,2254 805,2254 782,2254 759,2254 736,2254 713,2254 697,2254 618,2267 559,2256 552,2258 529,2258 522,2258 473,2272 439,2260 439,2304 439,2332 561,2318 586,2325 605,2332 607,2332 609,2332 667,2323 706,2316 713,2320 724,2327 727,2327 729,2327 731,2327 807,2316 828,2313 844,2313 929,2320 931,2320 934,2320 959,2309 968,2304 977,2309 994,2316 996,2316 998,2316 1247,2297 1316,2304 1318,2304 1320,2304 1359,2290 1366,2286 1486,2283 1500,2283 1661,2293 1663,2293 1665,2293 1668,2293 1695,2274 1695,2265 1691,2221 1426,2221 1424,2221 1385,2231 1352,2237 1329,2231 1306,2226 1304,2226 1302,2226 1300,2226 1297,2226 1288,2233 1272,2242 1242,2235 1226,2231 1224,2231 1221,2231 1219,2231 1217,2231 1212,2235 1201,2244 1164,2237 1138,2233 1136,2233 1134,2233 1120,2237 1095,2249 1079,2240 1072,2235 1069,2235 1067,2235 1065,2235 1063,2235 1060,2235 1060,2237 1056,2240 1044,2251 851,2251 828,2254"/>
        <Baseline points="439,2304 823,2300 1419,2267 1695,2265"/>
        <TextEquiv conf="0.9613350990206696">
          <Unicode>est ly rois eulres en gaet haulte mer saler</Unicode>
        </TextEquiv>
      </TextLine>

      
      
      <TextLine id="eSc_line_34a20ddf" custom="structure {type:default;}">
        <Coords points="1985,2304 1962,2300 1939,2297 1916,2293 1893,2290 1870,2286 1847,2283 1838,2281 1751,2295 1698,2277 1695,2277 1693,2277 1617,2290 1569,2279 1566,2279 1564,2279 1304,2283 1203,2306 1201,2306 1198,2306 1157,2286 1155,2286 1152,2286 1150,2286 1148,2286 1118,2309 1113,2309 1088,2309 883,2297 881,2297 874,2297 858,2311 837,2302 835,2302 832,2302 782,2313 777,2313 773,2313 724,2302 720,2302 697,2302 692,2302 669,2316 664,2318 260,2320 262,2362 262,2392 531,2380 533,2380 536,2380 554,2369 782,2382 821,2385 823,2385 973,2380 975,2380 977,2380 1023,2364 1083,2378 1099,2380 1102,2380 1104,2380 1111,2378 1166,2350 1327,2350 1375,2373 1385,2375 1387,2375 1389,2375 1392,2375 1398,2371 1447,2346 1682,2346 1707,2359 1709,2359 1711,2359 1714,2359 1716,2359 1753,2343 1817,2359 1820,2359 1822,2362 2004,2362 2006,2332 2004,2329 1985,2304"/>
        <Baseline points="262,2362 867,2350 1401,2325 2006,2332"/>
        <TextEquiv conf="0.9804608869552612">
          <Unicode>auent le bõne dent quil auoit assambler honnereea</Unicode>
        </TextEquiv>
      </TextLine>

      
      
      <TextLine id="eSc_line_f0de70c3" custom="structure {type:default;}">
        <Coords points="246,2421 246,2435 303,2435 306,2435 324,2449 326,2449 329,2449 331,2449 333,2449 335,2449 354,2433 358,2433 416,2447 418,2447 492,2444 494,2444 497,2444 515,2431 517,2428 520,2428 552,2442 554,2442 556,2442 644,2426 651,2426 658,2426 763,2438 766,2438 768,2438 770,2438 791,2424 807,2435 809,2435 812,2435 814,2435 1026,2431 1099,2417 1283,2424 1286,2424 1392,2408 1396,2408 1421,2419 1424,2419 1426,2419 1428,2419 1461,2405 1463,2403 1649,2398 1661,2401 1702,2412 1705,2412 1707,2412 1709,2412 1741,2398 1746,2396 1751,2398 1764,2408 1767,2408 1769,2408 1771,2408 1893,2394 1895,2378 1891,2341 1629,2334 1626,2334 1507,2350 1477,2352 1447,2350 1373,2346 1371,2346 1369,2346 1366,2346 1366,2348 1359,2352 1355,2359 1178,2362 1168,2357 1152,2350 1150,2350 1148,2350 1081,2359 1053,2364 1046,2362 1021,2350 1019,2350 1017,2350 1014,2350 1012,2350 1012,2352 1000,2362 996,2366 865,2366 664,2364 662,2364 660,2364 658,2364 651,2371 644,2375 625,2371 584,2364 582,2364 579,2364 561,2373 552,2378 536,2373 501,2364 499,2364 497,2364 243,2380 246,2421"/>
        <Baseline points="246,2421 1895,2378"/>
        <TextEquiv conf="0.9743414314893576">
          <Unicode>Cant alerent nagant ceule genta quit auoit affamblee</Unicode>
        </TextEquiv>
      </TextLine>

      
      
      <TextLine id="eSc_line_0c8eb3e9" custom="structure {type:default;}">
        <Coords points="529,2463 529,2497 685,2504 687,2504 690,2504 724,2490 736,2486 743,2490 759,2502 761,2502 763,2502 766,2502 849,2500 851,2500 853,2500 869,2488 945,2495 947,2495 950,2495 982,2481 991,2477 1000,2481 1019,2488 1021,2488 1023,2488 1095,2477 1127,2472 1166,2474 1316,2484 1318,2484 1320,2484 1355,2470 1378,2481 1380,2481 1382,2481 1468,2463 1479,2461 1491,2461 1583,2474 1585,2474 1783,2467 1785,2467 1815,2451 1870,2463 1872,2463 1962,2442 1965,2421 1960,2387 1734,2385 1732,2385 1684,2394 1645,2401 1617,2396 1587,2389 1585,2389 1539,2396 1495,2405 1474,2398 1458,2394 1456,2394 1454,2394 1451,2394 1435,2401 1415,2410 1187,2417 1141,2408 1122,2405 1120,2405 1053,2410 851,2428 526,2426 529,2463"/>
        <Baseline points="529,2463 980,2463 1965,2421"/>
        <TextEquiv conf="0.9757392711109585">
          <Unicode>aue uoulongie ont ueue que uien estoit fruure</Unicode>
        </TextEquiv>
      </TextLine>

      
      
      <TextLine id="eSc_line_3d111bee" custom="structure {type:default;}">
        <Coords points="241,2530 241,2550 480,2555 483,2555 556,2543 600,2536 632,2541 687,2550 690,2550 692,2550 694,2550 708,2539 715,2534 736,2539 780,2548 782,2548 998,2546 1000,2546 1028,2530 1030,2530 1035,2530 1088,2543 1090,2543 1092,2543 1095,2543 1097,2543 1120,2527 1129,2525 1164,2525 1166,2527 1180,2539 1180,2541 1182,2541 1184,2541 1187,2541 1329,2539 1396,2534 1398,2534 1401,2534 1401,2532 1415,2520 1415,2518 1592,2516 1594,2516 1608,2527 1610,2527 1612,2527 1615,2527 1617,2527 1654,2513 1654,2490 1647,2456 239,2484 241,2530"/>
        <Baseline points="241,2530 994,2518 1155,2504 1654,2490"/>
        <TextEquiv conf="0.9930956986817446">
          <Unicode>Et le hantte tour dordee qui Ia estoit leure</Unicode>
        </TextEquiv>
      </TextLine>

      
      
      <TextLine id="eSc_line_b1a3ab90" custom="structure {type:default;}">
        <Coords points="248,2580 248,2601 331,2601 354,2615 356,2615 358,2615 361,2615 363,2615 400,2599 648,2612 651,2612 653,2612 697,2599 777,2610 780,2610 782,2610 828,2592 858,2608 860,2608 862,2608 952,2605 954,2605 957,2605 975,2589 1026,2605 1028,2605 1030,2605 1120,2592 1184,2603 1187,2603 1189,2603 1191,2603 1219,2585 1221,2585 1226,2585 1474,2599 1477,2599 1479,2599 1481,2599 1481,2596 1497,2580 1548,2580 1548,2557 1539,2516 1481,2530 1375,2518 1366,2518 1364,2518 1362,2518 1359,2518 1343,2532 1290,2520 1288,2520 1286,2520 1283,2520 1205,2534 1104,2525 1102,2525 1099,2525 1067,2536 959,2527 957,2527 899,2541 246,2541 248,2580"/>
        <Baseline points="248,2580 941,2578 1548,2557"/>
        <TextEquiv conf="0.9777346268678323">
          <Unicode>Qn ie noble chite que tant at renõniee</Unicode>
        </TextEquiv>
      </TextLine>

      
      
      <TextLine id="eSc_line_b7884893" custom="structure {type:default;}">
        <Coords points="246,2649 246,2663 483,2661 490,2661 545,2672 547,2672 549,2672 552,2672 566,2661 641,2672 644,2672 646,2672 648,2672 671,2658 768,2670 770,2670 876,2656 1069,2663 1072,2663 1074,2663 1076,2663 1076,2661 1079,2661 1088,2647 1090,2647 1141,2661 1143,2661 1145,2661 1226,2647 1290,2658 1293,2658 1398,2640 1401,2624 1394,2587 844,2592 830,2592 747,2605 699,2594 687,2592 685,2592 683,2592 658,2594 552,2610 243,2601 246,2649"/>
        <Baseline points="246,2649 1401,2624"/>
        <TextEquiv conf="0.9835168942809105">
          <Unicode>quoit un roy paien qui tenoit le coutrer</Unicode>
        </TextEquiv>
      </TextLine>

      
      
      <TextLine id="eSc_line_cec31960" custom="structure {type:default;}">
        <Coords points="338,2702 338,2739 591,2716 635,2730 646,2732 648,2732 651,2732 687,2727 768,2714 814,2723 835,2725 837,2725 839,2725 842,2725 846,2720 865,2707 892,2718 897,2720 899,2720 901,2723 1014,2723 1014,2720 1017,2720 1049,2714 1092,2702 1134,2709 1159,2714 1161,2714 1233,2707 1306,2697 1316,2702 1332,2714 1334,2714 1336,2714 1339,2714 1479,2695 1481,2674 1477,2647 1410,2631 1408,2631 1405,2631 1375,2647 1300,2633 1297,2633 1295,2633 1293,2633 1293,2635 1279,2649 1277,2649 1274,2649 1217,2635 1214,2635 1067,2651 1040,2654 994,2654 844,2647 842,2647 780,2656 743,2661 722,2656 685,2647 683,2647 681,2647 678,2647 658,2658 644,2665 540,2665 531,2658 524,2651 522,2651 520,2651 517,2651 515,2651 483,2661 462,2665 448,2661 430,2654 427,2654 425,2654 423,2654 421,2654 411,2661 400,2668 335,2663 338,2702"/>
        <Baseline points="338,2702 1017,2693 1481,2674"/>
        <TextEquiv conf="0.9787025617228614">
          <Unicode>sy iusqua au̾ieus nauoit uille fruue</Unicode>
        </TextEquiv>
      </TextLine>

      
      
      <TextLine id="eSc_line_38c500d9" custom="structure {type:default;}">
        <Coords points="262,2764 262,2778 319,2792 322,2792 324,2792 326,2792 349,2778 356,2773 375,2778 430,2789 432,2789 494,2776 497,2776 499,2776 582,2780 584,2780 586,2780 589,2780 595,2773 605,2766 635,2773 685,2783 687,2783 690,2783 692,2783 692,2780 704,2771 713,2764 1203,2764 1205,2739 1201,2702 773,2700 770,2700 768,2700 752,2707 734,2716 570,2718 547,2709 540,2707 538,2707 536,2707 533,2707 526,2709 497,2720 393,2711 386,2711 384,2711 381,2711 338,2725 260,2714 262,2764"/>
        <Baseline points="262,2764 1205,2739"/>
        <TextEquiv conf="0.9815968235333761">
          <Unicode>di con cheeus rous ne ses fust</Unicode>
        </TextEquiv>
      </TextLine>

      
      
      <TextLine id="eSc_line_65769954" custom="structure {type:default;}">
        <Coords points="1882,2658 1654,2656 1652,2656 1504,2672 1479,2674 1479,2677 1461,2677 1334,2691 1270,2684 1249,2684 1254,2727 1254,2741 1889,2707 1889,2691 1886,2670 1882,2658"/>
        <Baseline points="1254,2727 1889,2691"/>
        <TextEquiv conf="0.994586684201893">
          <Unicode>ounerains celleauri</Unicode>
        </TextEquiv>
      </TextLine>

      
      
      <TextLine id="eSc_line_24c7b142" custom="structure {type:default;}">
        <Coords points="1481,2780 1481,2806 1769,2806 1771,2776 1764,2730 1479,2737 1481,2780"/>
        <Baseline points="1481,2780 1771,2776"/>
        <TextEquiv conf="0.9512840285897255">
          <Unicode>oeestoit</Unicode>
        </TextEquiv>
      </TextLine>

      
      
      <TextLine id="eSc_line_413f524a" custom="structure {type:default;}">
        <Coords points="2066,2739 2043,2734 2020,2732 1997,2727 1974,2725 1976,2766 1976,2792 2040,2780 2080,2787 2082,2762 2077,2739 2066,2739"/>
        <Baseline points="1976,2766 2082,2762"/>
        <TextEquiv conf="0.9993006736040115">
          <Unicode>Iant</Unicode>
        </TextEquiv>
      </TextLine>

      
      
      <TextLine id="eSc_line_b9bef1c2" custom="structure {type:default;}">
        <Coords points="253,2824 253,2845 299,2858 301,2858 303,2858 432,2838 446,2838 462,2838 632,2847 635,2847 637,2847 678,2831 763,2842 766,2842 768,2842 770,2842 796,2826 826,2840 828,2840 830,2840 941,2819 941,2799 934,2750 632,2776 517,2764 515,2764 513,2764 510,2764 439,2783 400,2769 398,2769 395,2769 294,2785 250,2773 253,2824"/>
        <Baseline points="253,2824 612,2819 941,2799"/>
        <TextEquiv conf="0.9528057629411871">
          <Unicode>asquĩ flardres n fust</Unicode>
        </TextEquiv>
      </TextLine>

      
      
      <TextLine id="eSc_line_357aaf10" custom="structure {type:default;}">
        <Coords points="1718,2778 1665,2789 1652,2792 1642,2789 1606,2778 1603,2780 1580,2780 1557,2780 1537,2780 1362,2787 1359,2787 1357,2787 1339,2799 1327,2808 1226,2810 1203,2803 1175,2794 1173,2794 1171,2794 1168,2794 1138,2806 1122,2812 1106,2806 1088,2799 1086,2799 1083,2799 996,2803 994,2803 991,2803 982,2810 971,2819 938,2812 913,2806 911,2806 908,2806 858,2815 791,2826 752,2817 745,2817 743,2817 715,2819 540,2835 294,2833 296,2865 296,2893 370,2891 377,2893 450,2923 453,2923 455,2923 457,2923 531,2893 653,2891 727,2888 729,2888 754,2909 757,2909 759,2909 761,2909 763,2909 766,2909 793,2888 812,2875 832,2888 839,2893 842,2893 844,2893 846,2893 849,2893 869,2888 927,2870 1069,2865 1254,2879 1256,2879 1258,2879 1302,2856 1373,2877 1375,2877 1378,2877 1380,2877 1472,2854 1530,2879 1539,2884 1541,2884 1543,2884 1571,2879 1608,2872 1843,2875 1843,2815 1838,2785 1721,2778 1718,2778"/>
        <Baseline points="296,2865 508,2875 1311,2840 1468,2824 1843,2815"/>
        <TextEquiv conf="0.9539741219258776">
          <Unicode>et iusquatournay aelle chite iore Ise prissance mor</Unicode>
        </TextEquiv>
      </TextLine>

      
      
      <TextLine id="eSc_line_9aa74b04" custom="structure {type:default;}">
        <Coords points="347,2868 324,2868 301,2868 296,2858 278,2856 278,2907 276,2930 423,2930 425,2914 423,2879 356,2868 347,2868"/>
        <Baseline points="278,2907 425,2914"/>
        <TextEquiv conf="0.9971727877855301">
          <Unicode>cout</Unicode>
        </TextEquiv>
      </TextLine>

      
      
      <TextLine id="eSc_line_16c087da" custom="structure {type:default;}">
        <Coords points="540,2875 538,2875 536,2875 464,2888 467,2918 467,2955 729,2955 729,2953 731,2953 754,2944 780,2934 830,2941 883,2948 885,2948 888,2948 890,2948 901,2939 915,2930 934,2937 943,2941 945,2941 947,2941 950,2941 964,2937 989,2927 1028,2934 1065,2941 1067,2941 1069,2941 1072,2941 1072,2939 1079,2932 1088,2925 1109,2932 1127,2937 1129,2937 1132,2937 1134,2937 1152,2930 1173,2923 1187,2930 1205,2939 1208,2939 1210,2939 1288,2925 1318,2921 1329,2925 1343,2930 1346,2930 1348,2930 1398,2923 1435,2916 1447,2921 1472,2930 1474,2930 1477,2930 1539,2916 1539,2893 1534,2856 1463,2845 1461,2845 1458,2845 1431,2858 1424,2861 1405,2858 1325,2849 1323,2849 1320,2849 1318,2849 1318,2852 1306,2863 1304,2865 1254,2865 1249,2865 1221,2852 1219,2852 1217,2852 1214,2852 1212,2852 1212,2854 1210,2854 1201,2865 1198,2868 1194,2865 1155,2854 1152,2854 1150,2854 915,2861 913,2861 876,2877 874,2877 867,2877 796,2868 793,2868 791,2868 761,2879 757,2881 754,2881 724,2870 722,2870 720,2870 561,2886 559,2886 556,2886 543,2875 540,2875"/>
        <Baseline points="467,2918 625,2923 1539,2893"/>
        <TextEquiv conf="0.9498337779726301">
          <Unicode>estoit aclie roy dont u fay deuisre</Unicode>
        </TextEquiv>
      </TextLine>

      
      
      <TextLine id="eSc_line_29c9e179" custom="structure {type:default;}">
        <Coords points="239,2978 239,3017 660,3001 740,3010 853,3022 855,3022 858,3022 885,3006 904,2996 1007,3003 1161,3015 1164,3015 1267,3012 1270,3012 1272,3012 1290,2996 1295,2994 1309,2996 1369,3010 1371,3010 1592,2989 1594,2953 1592,2918 1564,2907 1562,2907 1560,2907 1557,2907 1555,2907 1534,2918 1532,2921 1527,2918 1500,2909 1497,2909 1495,2909 1493,2909 1463,2921 1454,2923 1415,2921 1281,2914 1279,2914 1277,2914 1256,2925 1249,2927 1226,2925 1150,2916 1148,2916 1145,2916 1125,2927 1118,2930 1109,2927 1076,2918 1074,2918 1072,2918 1069,2918 1049,2927 1044,2930 1030,2930 950,2921 947,2921 945,2921 943,2921 931,2932 924,2934 892,2932 821,2925 819,2925 816,2925 793,2934 786,2937 777,2934 757,2925 754,2925 752,2925 750,2925 731,2934 724,2939 717,2934 706,2927 704,2927 701,2927 699,2927 697,2927 671,2937 662,2939 644,2937 595,2930 593,2930 236,2944 239,2978"/>
        <Baseline points="239,2978 699,2978 1594,2953"/>
        <TextEquiv conf="0.9729882588512019">
          <Unicode>Palus auoit auon se name soit dampuire</Unicode>
        </TextEquiv>
      </TextLine>

      
    </TextRegion>
    

    
  </Page>
</PcGts>
