3104 4140
234 809 1458 887 Bon lapelast titus contre titus le grant ꝙe
232 857 1610 945 Qui uenca le mort dieu a lespee trenchant
239 915 1700 1011 eat se chest une sille con le uoist appelant
241 979 1866 1064 Elaine ou non de celle qui par nunit en dormant
234 1030 1497 1124 souda le urait trois opere Roy amant
227 1076 1656 1193 Or auint que le sẽme poy authome le uaillãt
225 1150 1421 1253 Deliura une fille et en che deliurant
232 1191 1525 1324 noru celle poine dont Ie uous uoy parlant
232 1255 1778 1380 Lel dames le chelerent trois iours en ung tenant
220 1313 1872 1437 Pour le bon roy antligne que le dame amoit tant
230 1386 1845 1497 Que pour samour naloit ne nint ne iour dermant
236 1474 289 1575 D
312 1439 1520 1566 roil fist baptissier se sille maintenant
218 1511 1440 1626 Elame su ilamee en baptesme preuant
262 1545 1656 1688 et au chief de in iours prist au roy desir grant
227 1626 1511 1747 Saler ueoir se fẽme que morte fu denfant
225 1685 1658 1810 ungz cheualiers ou moult salonit ly Roirfiant
230 1743 1645 1888 W a dit dentienx rois cheler ny uault noyant
227 1819 1702 1950 uo sẽme est morte dieux la en sen cõmant
220 1895 1573 2005 Elle morut deufant ainsy que rauaillant
232 1964 1661 2067 Et quant ly rois anchoutel ala che escoutant
448 2021 1603 2120 ault quie il fu ua a terre pasmant
414 2083 510 2145 am
225 2113 536 2185 ugcri
549 2090 1364 2185 ua haultement estriant
257 2145 1392 2242 ⁊laine dist il que iay le mer dolant
239 2205 2001 2302 ũcrist uot uoist uostre ame es sains chieno herbegant
220 2267 1939 2355 Tant demena sen dueil ly d rois dont Ie uous sant
241 2318 1783 2403 Que tout chil qui le uoient sen uout esmeruillant
340 2382 1401 2456 oult suly rois sourchiel et maris
352 2426 1343 2530 Il fist enseuelir le roine de pris
230 2493 1237 2592 aĩtier sist elame ⁊ norir ademin
225 2527 1631 2661 Dieips con lenfes su biaipo de boule et de uis
220 2608 1686 2704 Alle auoit les yeux uairs cõme fausons pels
218 2661 1585 2773 Et sestoit aussy blanche cõme la fleur delisz
209 2711 1635 2826 Tant len ama ly rois qua in auez acouplisz
306 2776 1527 2888 uault onques souffrir que ly enses gentis
232 2815 1695 2941 Fust couchies en nul lit forques ou sien toudis
227 2886 1716 3008 De plus en plus leninaine ly fors pous postaitt
223 2962 1891 3068 Et que plus derint grande plus y a sen cuer mis
218 3024 1691 3116 Tant ot a luy damour che uous dit ly eseips
227 3088 1675 3199 ue ou non de se sille que tant acler le uis
