3104 4140
195 671 1760 765 Et Rop miens que deuant la elle engourdinee
195 731 1260 825 Sy bien et sy tresbel a secose ordenee
227 788 1652 869 ron ne sen perchust ne sor ne ne matuee
218 839 1518 922 dur ly cambre de Riens eust este gasten
232 885 1327 986 Adont dessus sou lit sest le uielle Iet
257 954 1626 1032 cambre auoit ouueri et sest moult adolee
234 1007 1580 1094 Et par dessus sen lit sest bien a couuetee
216 1069 1626 1154 la se plaint la rome que augl bien ne bee
216 1129 1428 1202 Et uie cauwouriere en a sen lit tourer
195 1170 1737 1260 Et puis ly d demanda douche dame honnera
195 1230 1716 1324 Pour dien cõment uous est ne men faites celer
197 1281 1612 1377 Par dieu dist la rome Ie suis mal atoumee
285 1338 1631 1439 croy que Ie moray trop suis descoulourer
236 1396 1371 1494 c ste lambre doie que est chy alentree
260 1465 1507 1543 e flaireur que en uint ⁊ mai et uesprer
216 1513 1530 1580 re fait tel mal au cuer par dessus la corer
211 1550 1596 1637 Ene Ie ne say cõment Ie furx seray respasser
213 1609 1468 1681 Or maudes un auurier saus point de lareste
195 1639 1564 1736 Et faites que de pierre soitellement nuree
193 1692 1838 1793 Qur iamais aens nen uiengne estoupes bien lentree
260 1761 1435 1851 et celle resppondy che soit con uous adree
200 1810 1484 1908 Adonques fu de pierde le uoie ma clunee
200 1860 1415 1954 Celleuent onqu̾s puis ny fu uoit trouuer
181 1918 1541 2012 Pour chi le fist le dame que tant est desraee
227 1964 1339 2072 Suelie ne uoloit  qͣuo iour ne en laure
218 2044 1458 2122 Crouuaston al ouurier en le fosse muree
197 2104 1240 2166 Dout le Rapne fu de son fait Lacuser
188 2141 1392 2226 Qlle iura Ilũs qui fist chiel et rousee
193 2189 1366 2279 duelame le roine sera parluy greure
190 2249 1465 2323 Tellement quelle erc arse et un fitboute
188 2306 1433 2387 Tant le hay la dame nen pot estre seler
193 2357 1645 2444 Et ses sirux lamoit tant chest bien cosi autree
197 2417 1495 2490 Quil ne pensoit ailleur qua la dame loer
204 2467 1336 2532 uers rõme ua le roy a banere leuer
193 2511 1594 2626 Parmy gales passa salsẽsses passersi
197 2582 1447 2674 E lioi est unechite que paris est nõmee
202 2633 1445 2720 Tout parmy loubardie a se uait cournee
195 2688 1270 2762 Et iusques rõmeie ny a fait areste
190 2730 1523 2812 Tant ualy rois heuris qui ait boune durec
236 2780 1470 2858 uede de Rõĩne coisy le grant chite loer
190 2831 1491 2914 Deuant le rou estoit se grant tarde posee
207 2886 1557 2962 qu il auoit fait paindre de fin oeure derer
204 2934 1578 3035 sy mage de se fame qui fu blanclie que fri
