3104 4140
1477 867 2724 991 le scay que nous apent ensement eppaer
1518 938 2834 1046 dire men a faire ne no pait de nõchir
1438 977 2583 1090 Er nous coumient uiser sana point
1472 1037 2857 1166 Cõment porons de chy partir et escongier
2666 1032 3011 1138 latargier
1438 1090 2837 1230 Iar son sen parcheuoit de cestuy encõbrier
1458 1163 3028 1308 pous iy ors de che moipe ne nous aroit cest mest
1491 1214 2779 1340 ue ai ne nous fesist morir et essillier
1421 1260 2979 1409 ꝑdiuent nous partirons dist coustans a uil Rier
1553 1336 3028 1481 ne scay dist le dame se dieux mi puist aidi
1548 1389 2710 1501 ufanche a romne fu forment esmaru
1573 1451 2995 1570 dour le roy qui gist mors en le cambre dangie
1442 1483 2984 1630 ont deriere le camore dont ie uous seurtie
1435 1538 1833 1639 s auoit une
1428 1600 2917 1722 sui diaue est estoit Rasie sy cõme listoire crie-
1974 1577 2699 1667 de uible anf ancisserie
1426 1667 2878 1773 ia ieterent le Roy conle ne le trouuast mie
1458 1715 1477 1789 O
1488 1722 2823 1835 camore qui estoit du sant de muy gõme
1408 1787 2880 1890 qlle daiie esraiment moult tresbien a parelue
1385 1839 2574 1941 De sont la demoret Iusq̃ ale nintu
1385 1885 2749 2010 Parazin qui auou dit le gerant chite Widie
1445 1945 3014 2076 e uaiit uirent que ix pois ayaux iec pemint mie
1472 2003 2772 2106 ont se sout Retourue alle chiite gar
1445 2058 2940 2180 e ron uont de mandant que Ihũ crist mandie
1389 2104 2876 2242 Paisanche uint a riys qui haultement seseu
1373 2166 2922 2300 Geigneur ou est lrois ne le me celes mie
1408 2224 2682 2339 Qu este domoures ne en quellir partu
1382 2283 2995 2424 lout pris ly gent crestiomie ditesmen Ie uoꝰ prie
1389 2341 2735 2458 Paine dient ly uaron qui furent de surie
1382 2398 2719 2518 uenismes Pas orains ale lieue ne demie
1389 2447 2949 2594 u ant uns frans cheualiers qui moult a seignourie
1392 2504 2558 2624 fist le roy Retourer a le chiere hardi
1373 2557 2625 2681 Tui est le cheualier dist le dame Ioue
1362 2612 2784 2741 Dame dient ly uaron chest maradoi dorbi
1362 2674 2751 2783 Et quant let dame lot un po ses acoisie
1371 2730 2510 2840 Fleste cose laissa qusaue ale iutn
1355 2789 2685 2898 ¶ prirs souper Rentraen se cambbe iolie
1362 2852 2319 2930 le Roy en apela aqui estoit ame
1323 2907 2929 3010 prre chedist le dame que uõne amour maistru
1346 2962 2751 3058 Qr uous commont armer soit ou sceus ou folie
1375 3022 2823 3116 ly uous peray uenr pour uray le uonr a fie
1362 3079 2560 3167 epropre saragui parquy ie suy traie
1332 3127 2540 3247 Et qui oroy couca le nostre deruerie
