3104 4140
204 915 1702 1048 ie uoun ueullies prer a uostre gent redoubtee
133 1007 1295 1106 ne de tourli uo chite nisse persẽne nre
115 1078 1240 1154 ne aunit ne demcon en tote la puruee
161 1124 1316 1209 gaitous les crestiane que ny soit aualre
110 1177 1256 1262 arature nesuue que puist estre escripee
101 1221 1348 1311 Car ie sun bien certams q neftraycelee
124 1281 1263 1368 Eue lame me moullier est ⁊chy ostelee
154 1331 1357 1426 ar un de mes uarles ahun este trouuer
234 1400 1327 1488 dist ly argeuesquel sy soit q uoꝰ agree
112 1449 1113 1538 Encore de Rehef fu le cose ordeure
119 1497 1350 1598 de nõchiri par le uille con aroit ameme
142 1561 1336 1662 amne que elle eust une main que copte
193 1621 1359 1720 ont Es lyures auera susqua le matiie
329 1685 1320 1780 lotisse prope on celle est osteler
163 1715 1316 1846 e luuenoit briesment on le sale pauer
184 1803 1240 1897 lee seroit en feu arse et embraser
158 1862 1412 1954 dont sa la couchier ly aris celle uesprer
147 1922 1279 2014 Et ly ostesse elame fu forment espantre
144 1980 1320 2070 Euant elle oy le ay se deuint comlourie
138 2042 1217 2134 pue soie uoisme le durement blanne
243 2095 1143 2187 laid ꝯmere uous estes a sote
156 2150 1231 2242 Eui ne menes a le court ardoubter
151 2217 1454 2300 ⁊ saches sen uoinaison est le dame Nouuee
154 2267 1332 2357 Pous seres en un feu etarst ⁊ lapide
154 2313 1254 2415 r. uoꝰ garãdroit ly ors Suile ꝯtree
186 2375 1382 2463 et quant le daute lot son fr espouenter
170 2433 1435 2520 laie est uenue quadont sestoit boutee
172 2493 1445 2582 elis un uieteserin quelle ne fust troume
110 2555 1247 2645 Oo cessi ly adit plue ne seres celee
181 2615 1401 2697 ar de main seres dron ale comt menee
149 2674 1283 2764 Car le rrson est aunt renouuelee
204 2737 1472 2829 t ly bans fais sy fors douche daie lon
147 2794 1601 2891 ꝑtie qlus ne qprs estre par moyscrichtes celee
156 2863 1387 2950 uant e lame lenteut sest queue pasmit
269 2921 1511 3012 uant le rouie elame celle parole entent
250 2983 1403 3068 ꝯauoit paut le uant sy treserueusemet
186 3026 1751 3127 es brau yeux de sen chirf ua plourant teurement
174 3088 1306 3173 ⁊ lle quey pasme d fire plus d ce
158 3125 1465 3259 fet aist lasse mestans or te ua mualamuent
