3104 4140
119 648 1295 772 Riche Roy Robaster que cuerait de lon
133 731 915 823 ly auoit ꝑchiy chlr̃ ue uare
101 772 1083 883 rin alast ache Roy dire mentension
103 814 1244 933 lu retour ly uoray donner un richedon
105 873 1375 991 Nes ql us et ilens elieualier tant fust uon
142 982 154 1048 .
188 936 1463 1048 hõne nul uiuant pour uray le uous diston
142 995 1231 1104 ui dabor ou mefaie eust deuosien
115 1055 1104 1161 ure amorie descoche alecleri fachor
149 1092 1502 1232 Arero dist au poy henry foy que doy saint spion
140 1168 945 1281 e mesaige ferayauo dieuysio
232 1193 1327 1336 le roy dengleteree cueraires de lion
161 1251 1396 1398 nt uy uallax un brief mis en un carignen
163 1334 1231 1455 amoris se qart sur un destre gasten
161 1403 1157 1499 essy iusqua uourdiaux ne fist ariegti
165 1435 1235 1563 ⁊ le clute ot enties ase cõmandisdn
135 1499 1242 1614 iemis est ou palais Beastre lesclanon
135 1536 1371 1665 a endroit est uenus qui trebit en malpn
266 1605 1387 1724 n neueu abel et maint paien felon
154 1660 1297 1773 ⁊ amoris qarla a moult hancte Paison
223 1708 1403 1833 dist ⟦ie / dame dienqui souffry passion
156 1768 1265 1872 et qui Resussita de mort saint lazaron
158 1816 1341 1938 gart le roy heury e canthoine le bon
181 1876 1293 1991 ue aiche barnaige entour et enuron
324 1913 1484 2042 confongne cheur ⁊ douist malaichon
174 1989 1546 2109 eui ne creoit en luy et et ne en son degne non
167 2060 1438 2159 ⁊uant robault lentent se frouche le menton
140 2125 1219 2217 dont ly estru et cõment capeton
190 2180 1520 2274 toy et chil doy roy dont tu fais mension
151 2237 1663 2327 due sans mou congiet sont eut̾ en mon Roignon
151 2288 1608 2385 Dar mon dieu carragant Il sont fol et brĩcor
167 2346 1339 2440 tre dist amoris ne dites se bien nau
213 2380 1601 2502 ar Il sont uon et sarge et sont fierque lion
310 2447 1419 2546 le rroy dengleterre qui heury aauon
163 2490 1748 2633 dui out quis une dame moult tres longne saion
138 2557 1585 2686 xxu ans cous plains lont quis en un raudon
227 2619 1274 2737 ⁊ sont chy arme ou uoloir de Ihũn
135 2670 1449 2796 Roil heuris dengleterre qui cuera delion
266 2718 1502 2847 cadenge bourdiaup ⁊ te terre euuiron
202 2787 1265 2886 e poar moy te dessie ⁊ tou estractou
310 2881 340 2953 .
352 2826 1385 2948 se partira panais che temandon
128 2904 1334 3040 Gara nuse uourdiaux en se sugission
1484 535 1569 664 93
1472 648 1527 779 .
