3104 4140
1435 956 2531 1058 Ie celies se prasira le coinedenon
1417 1021 2567 1122 ⁊ martuut se drecha en grant ꝯfusion
1362 1067 2457 1168 pe mere ua lener qui clame at auon
1615 1131 2459 1219 fist cãsucce ou ꝑalanz a uandon
1401 1170 2335 1274 Euant le dame di Reuint en bat
2287 1186 2367 1239 ora
1419 1225 2535 1327 y dit my enfant entẽdeez me Baison
2323 1196 2765 1288 Itqu tension
1405 1288 1431 1391 e
1456 1276 2751 1380 uoiis pry a les querre Roy hemy mõ baroii
1431 1331 2659 1428 t le mon prre auchone qui tant ade Renon
1362 1370 2669 1488 Iuora me douuẽt faire en un feu d crauon
1465 1428 2630 1554 uoues pry que matder a mon loial beson
1382 1472 2655 1614 dame dient ly enfanit neu apes soupethon
1419 1529 1454 1591 2
1504 1527 2708 1672 pensses que uous doie ftute tribu lanioy
1385 1580 1652 1651 ulus lus
1709 1600 2567 1715 era uo pere en se coudision
1403 1644 2671 1759 tue sil aubit rout lor que est en preuoyon
1405 1688 3018 1849 dont se sont parey sans nul arestson Martis li esgr
1403 1750 2505 1872 le cambre heuri sen fiuent a baudoi
1405 1803 1426 1856 3.
1451 1803 2616 1929 ⁊ ey uenrs uous ent en le sale de non
1401 1844 2397 1975 lamne trouueres a le clere faiclon
2636 1821 3005 1899 ⁊ młt haile
2630 1860 2887 1998 Peaison
1394 1899 2432 2028 t quant hemis lon se Reclane Ihñt
1398 1952 1907 2037 srã mõt sest lene
1405 2014 2323 2125 ⁊ se nya uestu cestone auquetoi
1412 2076 2409 2182 n le sale est uenue sa uent brision
1401 2120 1447 2182 n
1465 2132 2574 2240 par dencoste elame estoit en pamison
1385 2178 2756 2304 uant by epia uit elame qui au oit mn mõgaion
1433 2240 2687 2355 sy hans qui Il fu en meuant piteuxson
1385 2334 2514 2458 ui sacolaclame de loiode cuer et ban
1571 2311 2581 2392 yrois queir en baisantle menton
1385 2387 2574 2511 n discoit douche aune iay ocuer marqon
1396 2451 2671 2564 ne tant aursi sonferte de per secusioni
1362 2490 2623 2622 Iout sost Pasma elame dencoste sen baron
1387 2543 1626 2626 uuit le
1375 2603 2567 2737 n sut le corps se fille quey en painson
1658 2580 2710 2670 rois auchomes qui tautrot de Renõ
1332 2642 1734 2753 Ouquls telle
1507 2723 1553 2792 i
1316 2755 2781 2914 Addus le cintaie elann que le uout Ransant
1569 2734 2862 2854 eur dedens le sale fu le pete meult gran
1744 2693 2503 2792 pile a nul Iour ne uigan
1339 2817 2549 2948 sun lacolle deriere ly aultri parde namt
1309 2888 2588 3006 Et le roure ua moult Ieuremẽt plorerãt
1352 2953 2623 3056 y roi ly dist amueie uous encouuenant
1511 3015 2968 3127 iayy pouer uous ent cecir crissre et dolant
1323 3070 2547 3162 Elai sist le rromne o gent corpe auecons
1297 3134 2556 3217 Con qay es e grau Il ef uien aperant
1300 3187 2641 3295 Relle sent dist ly wois qe le uous acednt
