3104 4140
135 616 1277 758 rande fu le uataille et fiere bestourmre
112 713 1267 809 ⁊s le conte anthenor ale chiert hardie
126 756 1403 867 Et teuoit en ses dmngiz une hache fourbi
115 809 1392 908 gõn sery uns cestien que ne lespargramme
138 867 1164 952 dus ou orps̃ le percha et le corps et
1180 871 1224 931 l
1281 876 1313 933 le
140 901 1265 1005 terre la uat mort sy quil ne bret ne nie
161 954 1090 1055 ⁊ lepers et le quart ail Ielu Gdou
138 970 1385 1110 Et le gent de boulongne est ariere Resortie
140 1041 1290 1159 a fust men ensiant matee et descousie
140 1083 1357 1205 le fust ly uers lious que en dieu moult fesie
156 1150 1302 1253 duaint Il uit authenor ontantot felõme
156 1189 1419 1294 dar qui le gent estoient ensement amendie
154 1244 1244 1343 la sist priere adieu le sil sainte meru
147 1285 1288 1396 uil uausist enuoir a le gent paiemoe
234 1334 1173 1449 le maleare ains leure de õplie
154 1375 1424 1497 Due le a loy des kestient puistestre resioie
271 1435 1398 1538 ande fu le bataille et fiere le mellee
239 1481 1332 1591 Ly damoisiaux lious tenoit mue lespee
163 1527 1272 1653 oers le conte anthenor ase uoie courner
202 1582 1240 1699 entoise le ueant de telle paudõnee
128 1628 1235 1752 den ua ferir le conte qui ctrierert de fai
241 1706 690 1798 li ment lasena
968 1669 1346 1747 dile prounee
163 1701 1608 1853 due le main dont renoit le grant carge doree
220 1773 1194 1906 copa tent parmuy se qui y alleͤ qnee
172 1826 1221 1957 ors pentoise le branc telle lyadõnee
595 1858 1318 1971 nestre ly apari capee
161 1929 421 2007 Que le ar
262 1934 1364 2049 pairts est queus faisant telle criee
149 1987 1387 2113 due legent sarazuce en fu toute effraee
1125 2049 1194 2120 be
151 2046 1058 2198 In parens desorit sornius geulle
128 2104 1320 2260 Saraiuis lont leuesur le targe doree
142 2152 1382 2313 Mes lions passe auant fale psserpassee
236 2226 1159 2355 dẽsnaau paien unetelle coler
395 2265 1410 2410 ly trencha entre lecent dermr
170 2311 1534 2467 drasle sieuoit ⁊ pres quitant ot Renõmre
179 2385 1530 2518 diussedy fu moult preux ains se uie siner
271 2456 1279 2559 ot noble moulliera che pur esp
190 2502 1560 2608 dont saint brifst urisses issy chi fu nobu portr
285 2557 1661 2656 rigueur a cheluy ianr dont uous moes parlez
264 2608 1580 2709 bũ grande le batailli a baulongue sur mer
202 2645 1679 2776 uant ly sarazun uirent leur seigneurauort iuter
172 2714 1366 2822 alestantart reuurent le couroy ordeuer
186 2757 1518 2870 Nes lidusz se peuoit de le loy dieu monter
335 2810 1375 2916 hiert es paiens a gause desengler
202 2861 1357 2966 y casrians nozoit sy crisauant aler
149 2911 1527 3038 Anes aditasegent a se uois lault et cler
1451 565 1520 632 117
