3104 4140
119 864 1226 952 utre uous celuy que le uostre cuera
147 917 1445 1011 t brisses mea nepuen qui uous esponpera
115 977 1129 1055 les dile aheury as toutes ⁊par delo
117 1007 1458 1120 no plus tos que Il peuli Il uiengue par decha
133 1083 1079 1166 chite est ouuerte qui auoir le uora
126 1129 1097 1207 Ne sera conquise Rieni a faire aua
156 1170 1247 1274 domoura ychy tant que ly toi ueura
149 1223 1281 1331 urisse Respondy sy soit con uous plura
119 1283 1210 1377 y celle parost le uon destrier urocha
119 1347 1272 1430 en mena lu diant que pat amours ama
108 1396 1403 1497 trs lost sen uacourant authoine demoura
103 1449 1392 1552 inques telhaidement nus hous sy nepensa
117 1501 1214 1614 aut fist quil et du fer et apres li uout
285 1540 1451 1667 lieux en le uale uantosis lala bouter
108 1626 1272 1722 archeuesque ox mest qui le porte garda
179 1688 1260 1773 authome le feu en le uille aliuna
112 1741 1244 1816 uille est alumee et de cha et dela
115 1798 1148 1883 ascun courut air fen et la seusõma
108 1849 1359 1936 ont uint le roy henyy le perte conquesta
119 1908 1240 1987 roit a laube creuant le uon goy y entra
204 1954 1348 2037 ent queurent an feu ⁊ le Riy sesmlla
101 2000 1244 2088 nchoie quil fust leues le reu auant a la
174 2056 1145 2136 ar dy le pralait ou ly roie demera
181 2113 1148 2191 ly mertalite estoit decpar de cha
172 2157 1306 2249 le gent de le uilli le noise se mouta
142 2210 1240 2297 ray tran Ray tout chie qui furent la
128 2265 1226 2355 rient ly saraui pour che ne demorce
121 2320 1380 2403 aut uieurent irestien que le uillapeupla
179 2371 1194 2451 nostre uarõ me ly hustine ꝯmiencha
110 2419 1380 2500 ce portes uoutgardant no gent par decha
103 2467 1313 2555 uant dy rois sõt le fait forment ly auoia
133 2532 1233 2612 nauoit cune man si quea pem sarra
142 2569 1067 2658 uant Il uit quany l perdera
144 2626 1352 2714 en ot sy grant eul quapo qui neuraga
1118 2571 1465 2656 a le chite
133 2679 1037 2764 qura ma hõmet en qui il se fia
96 2718 1447 2826 que ainchois que Il miure tre bien se uengera
179 2785 1332 2886 cheluy quen lestoit le sien brach ly copa
115 2831 1120 2927 os ez ismellement en le carne se
156 2881 1281 2989 quant Il uint aliis ou celier sauala
1187 2872 1233 2934 27
126 2932 1306 3042 ꝙ peult assee queri Rieus ay frouuera
101 2985 1442 3102 et quant w Romperchut cõment ly cose ua
190 3054 1159 3125 en et tel doloir quapo ni se tua
115 3095 1454 3194 dauoy ut de uergont enuers lemer ala
