3104 4140
358 910 1049 995 ue ly apestrie de ualour
342 965 1076 1044 eront auque moy che ioilr
287 1009 991 1094 Eet cõpargmenue tenron
335 1041 1187 1147 arcoutamen trespas uerront
285 1104 1090 1200 Ainsy que la uierge parloit
294 1159 1129 1265 Saint Ie hamn qui fu son aum
289 1225 906 1304 Dune miee dessendy
310 1283 892 1354 me nurr la portre
301 1315 1099 1409 Pu saint lieu ou ie prischa
303 1380 1099 1462 Pu il est oit pour anõchne
379 1428 1118 1515 foy de dieu et essauchie
301 1469 1191 1563 Et quant le uiergene le choist
294 1508 1242 1612 moult doulcement sen uint lu
312 1575 931 1649 Uers iy sala huimile
437 1626 812 1713 dist selam Ie
844 1573 1327 1685 tan moult chur
319 1642 1318 1752 uou gretesay que sy briefment
301 1708 1233 1810 En contre mon eraspassement
476 1759 1187 1858 uenius et Ie te nurchie
308 1805 1300 1927 Quant tu me terral ꝯpaignu
306 1872 1122 1980 Adont in a le drapunious
312 1929 1033 2026 Dare langle ly ot aport
467 1968 1143 2074 y a sit I. hans ce nes
317 2026 1120 2136 En che di ap mensenelires
450 2120 727 2185 Rann de
734 2056 1316 2182 palie que ues cqn
363 2143 1111 2237 res porter par deuers my
310 2196 1332 2302 Deuant ma biere, ⁊ de uant moy
317 2254 1161 2348 lors ly adit iehan pour chon
432 2309 1210 2405 tes dame Ie ne puis iis
303 2366 1079 2467 faire tel mestier sans aie
441 2415 1258 2520 ly apestole auent my nest
395 2497 446 2569 i
600 2479 1021 2559 sepuere feront
340 2507 1440 2628 e hautͦ kist le uiergene briesment
342 2605 368 2679 I
434 2576 1201 2674 erout chn prochatue mrie
400 2608 1474 2730 kon par tamps nous ler uerrons
335 2686 994 2778 nen soire en soupecle
335 2716 1258 2833 ursy que le uierent parloit
324 2776 1385 2881 Aisaint Ichai que moult auroit
315 2840 1359 2941 Gont tout ly apostele uenu
319 2900 1088 2987 Et dune nuee dessendu
437 2969 1074 3049 ene mier les apoita
322 2996 1240 3086 Des lieux au cascuns cõuersa
333 3063 1191 3153 la ou firent pour preschiez
331 3102 1320 3247 lalprx de dieu ⁊ ensanchuer
1541 823 1631 924 16
