3104 4140
1346 906 2369 998 euir le uostre i ne fera st iour
1339 959 2982 1055 ue tant ne uous en faiche ⁊ puis de mort lango᷑
1320 1018 2471 1117 era uo corps morir a lon de traitaur
1249 1071 3005 1184 Pour che que uous rees en dien en dieu le sauueoil
1265 1138 2650 1225 aues guerpy malion oun il amis samour
1286 1184 2747 1283 pien cist qui uoul uera usetirabruf pur
1366 1248 2758 1338 que i ne uous doubte ualissant une flour
1385 1304 2570 1386 dasses liyens amure pour maint pur
1341 1354 2779 1458 Seies eroichyasses point na de uoꝰ paour
1283 1423 2917 1499 Quant bx baron lotrent sen maines grant de baur
1385 1481 2901 1577 dieux che dist herria ie suy en grant tristour
1316 1543 2699 1632 que me faura partir sans conquester la iour
1329 1600 2669 1690 ac pous demourer cat py aseure a illoura
1320 1644 2924 1747 Ruera me fault elame Ie scay uien qua urirf iour
1357 1720 2685 1800 ie doy our nouuelle pl̾ui ny feray seioier
1325 1770 2837 1865 ant que laray trouuee ien suni en grant erroir
1318 1821 2823 1918 par foy che dest auchoine entrer ueul en lauo
1267 1876 2756 1975 ꝓpoirr querir le roine auent uous sans retour
1270 1934 2763 2033 Et pou dist larcheuesque qe men yray a toute
1258 1991 2699 2095 epy en menray martin ut Grisse le meillorr
1323 2046 2814 2166 et quant morant ot le liau ho barons de cos
1306 2106 2855 2219 uenant eux sest pasmes la main grant do lont
1392 2171 2834 2277 ⁊ gueneche dist morans par dieu le creatour
1249 2219 2604 2325 Aensement me laissier Ie moray a dolour
1316 2279 2777 2385 enchois nest couquepee ceste tour de ualouz
1318 2334 2945 2431 ar ly gaiam est plains de tresgrans  esrour
1309 2403 1389 2451 d
1504 2394 2788 2497 eroit a diess de maint fier uassaour Exs
1318 2456 3007 2557 Dai tant ne me lairon ualissant une flour̃sdaubir ⁊
1375 2509 2547 2624 chasseroit mon corpe Iu de mapie
2680 2509 2956 2635 darm u
1339 2557 1392 2628 .
1532 2582 2800 2679 mort ne sentisse par son corps le langour
1320 2610 1583 2700 dirss q
1652 2647 2565 2723 la enprirl ia ne seroit seiont
1336 2668 2478 2780 nsemẽt que morans deinsoit son atout
1318 2730 2705 2833 oy paru lost grant noise et grant tamboit
1260 2778 1624 2863 ier tray
1661 2808 2514 2898 isarmer uous uiaux seigueur
1339 2845 2613 2955 t cestoit le gaiai que par son fel esroit
1258 2898 2627 3019 Occisoit geust eq̃stiene et metoita dolont
1260 3038 2682 3146 Oussy furent sy hõme qui ly furent entour
1247 3111 2751 3196 Tres tentes et aueubes teuerserent che pur
1355 3169 2733 3272 uant oy uaroit oirent le noiseet lugustuy
