3104 4140
1392 890 2781 1018 fors un seul escuier ꝯpat guiot nõmer
1412 968 1474 1097 ꝓ
1484 977 2956 1090 lneux pour sen seigneur ꝯmencha aratper
1592 1048 2894 1150 e drande bauierea fait oluy toueser
1479 1106 2945 1219 tle sme a lu pors ne uault pas oubbier
1412 1168 2867 1276 auienques son seigneier ua paien Reinder
1410 1230 3021 1343 Et in leuer beist ches bras et ches testes cauper
1401 1288 2910 1400 De g entreux escuiers bez peuist ramẽbrer
1392 1357 2975 1467 Eet dimoury les fait deuant luy test passer
1394 1416 2949 1538 Iusquel aportes omirir oie sy uaul aresser
1415 1476 2908 1603 Il entra en le tour ains ny laissa entrer
1387 1543 3005 1667 Paiens et sararĩs toughes ua decauper
1408 1609 2933 1729 Et on fon de l tour uase seigneur poser
1426 1678 2965 1784 Py que de de bataille le poron ueir clor
1396 1745 2657 1844 Ae deus Ihrlmn ꝯmenchent alrier
1412 1812 3007 1918 omes fames enfans grant doeuld demener
1371 1881 2747 1987 po yauoit de gens sycon ioy conter
1387 1941 2924 2053 Reterdieu uault amoury tant prisier etamer
1392 2010 2791 2120 Quẽ sy le uault adier a luy auẽturer
1392 2076 3007 2198 Euue des portes fierie ualy lers deffrumrer
1396 2152 2995 2256 Nais anchois uy comment tant de paine endir
1417 2214 2982 2332 tuele sanc de son crepa en faloit de gouter
1392 2265 2988 2403 en u bieupo ou plue fist il sen corgs naurer
1373 2346 2961 2479 Ougnel ms hous noy de cel hõmoparler
1456 2415 2843 2541 eigneur et entender glorieuse canchon
1401 2474 2768 2599 faite de uerile sans nille mesprison
1387 2539 2825 2665 ¶moury ly grutiens qui cuer ot de lion
1389 2608 2846 2720 porty ent ouuerle entre buy et gueon
1348 2670 2952 2789 Spen genti lescuier que dieu fauche pardon
1461 2743 2965 2856 t gens er ostirus m uint a forche et a bandon
1394 2817 2728 2939 bentrer en le uille tel assanlt ueiston
2158 2895 2273 2989 r
1352 2950 3034 3068 Congues ne fosy grant puis le tamps sa lemoi
1369 3026 2972 3146 En son de le grantͤporte crait nuer le blason
1369 3098 2908 3187 llen sague dend le terce sy que bien le uoit on
1371 3162 2947 3295 de legronde baptaille qui fu sur le sab len
