3104 4140
1240 827 2919 929 ¶ue cestoient ee heury qui leus uault cõmander
1237 896 2883 982 Son reist sur chis sigues quaquil uoroit maar
1231 952 2602 1041 Dont queurent ly baron le dousel acoler
1228 1014 2864 1097 par le chite de londres en laitgaerent louurer
1290 1076 2731 1152 Conte. gent d mestur qui sceuelt labourer
1251 1122 2662 1205 Et uienuent ou palais pour lenfant ainser
1274 1173 2567 1255 lsigneur lont Rechut ⁊ uaurent acorder
1242 1216 3028 1311 Sout che que il uoloit et dore et cõmander Apres che a
1219 1281 3016 1366 Par deuant les barons ou plus se pot sier fait br set
1249 1336 3025 1430 fait les in seaux a fait les ui⟧ fondre pour estorer song orsur
2678 1391 2991 1511 lrandez
1247 1391 2473 1481 un Ruchi fis dargent et faire et ordeuer
1260 1451 2547 1522 u maistres les iii signes a la tantest cõbrer
1247 1504 2395 1593 Et du fondre sala esrãmait aprester
1249 1557 2551 1632 nes le seelle uielle dont elle uault seler
1249 1607 2512 1697 Pont elle fist e lame adrant hõte liirer
1254 1662 2678 1754 ꝓchieux saiaux sigueur che poiston bun prouuer
1256 1736 1327 1803 hi
1389 1734 2512 1807 e pot par mil tour fondre ne assandez
1247 1784 2445 1856 ls aultres q seaus ains le uit dn couler
1228 1835 2554 1915 Fout ades dime part dii ne pouoit ouurer
1228 1888 2473 1975 Ie faire nule cose qui a bien puist tourner
1237 1943 2466 2021 let touuit que le lui on alast hors ieter
1224 1989 2491 2086 et que des aultres deux on alast estorer
1249 2044 2473 2139 e noble cru chesis con doe tant hõnere
1231 2109 2432 2194 urissẽs a fuit encoire de largent aporter
1228 2159 2800 2251 pour le auchi fin faire plns grant etplus fourmer
1240 2217 2761 2309 nais de nuul autre argent ny puestonz ains ouurer
1208 2277 2768 2359 Phie doy saiel salirait adout sy bien berprouuer
1350 2334 2411 2428 y frutesier et sy cresbien peupler
1392 2396 2618 2486 n fist kuchefil sy grant a brufsparier
1196 2454 2583 2553 Quẽcoire le spuet on enlondre Regaroe
1201 2518 2646 2615 qus ou moussier saint gille le paiet on aourez
1212 2571 2696 2670 Nuchesis de miraeles le uerilt on apeler
1530 2631 2770 2734 h ct eucesis que depuie uault parler
1191 2670 2418 2778 Fest uergable cose car on loit uien cler
1309 2743 2724 2831 eiggneur che auelirsis dont Iesay mension
1198 2794 2795 2900 esmoigna une fois foz siques bisant treuuon
1201 2852 2298 2932 Aune damoiselie de celler Reglon
1270 2914 2567 3003 he don on uoloit foure enuers luy traison
1184 2969 2427 3054 Far uii poue chel fa de haulte nasion
1198 3019 2528 3116 Qui by auoit Requil de sen aucour ledon
1343 3077 2494 3236 e soy aprapement ly fist poronussion
1210 3086 1267 3183 B
