3104 4140
1332 646 2692 747 Et liont prist lespee du fuere le saqua
1332 710 2724 816 Ou non de Ihũris sen mantel detrenchia
1318 754 2722 867 Pour lamour de luy eseauouent ldna
1329 800 2772 933 Chieus dist diru le uaus mire adenques
1327 860 2784 979 Es sains chieux de lassus uistement retnouts
1359 919 2917 1051 e piecle ou mantel que sains martuir trencha
2834 890 2972 961 touri
1339 975 2781 1101 Eu le Rameubraucle de dieu que tantama
1346 1025 2751 1156 Eus ou trosue lassus a ses angles moistra
1302 1078 2579 1202 Et dist uees auartin que sy ãnon ara
1309 1143 2952 1281 Euame ne Rechust baptesine ⁊ tel grache fait ma
1327 1193 2549 1313 uil aparty pour ny le mantel quafu la
1364 1253 2864 1407 t donne en mon ny non Ie croy qui ly uaura
1341 1315 2473 1426 l sera glorieux et auent my  uecira
1325 1430 2717 1554 Bar par contrision le pary et copr dõna
1410 1377 2988 1506 ie dist clu dieus quant lion hsirn mantilcopa
1304 1485 2913 1630 Pour lamour du seigneur qui pour nous se laissa
1313 1538 2666 1665 Pe le lanchr ferir quant ly sant en caia
1336 1591 1564 1676 ⁊ hy ꝑi
1332 1653 2722 1777 en uraie idufauie et pour dita le doura
1679 1616 2733 1724 porten uir que lansmoue fera
1286 1711 2528 1819 suil sera uisetes quant sarine partira
1290 1770 2793 1906 De chr monde mortel auoult hõneursz ensera
1286 1828 2696 1950 Phiens quy e uoloir dieu sen corps cuseara
1277 1888 2595 2003 Cxr il ara le gloreque iamais ne faura
1362 1948 2588 2063 eigneur or escontes gloriense canchon
1272 1989 2726 2132 En le chite daiens furent li E douse lon
1260 2044 2731 2194 Sce se soutoste le chres un hostel sto symon
1272 2111 2259 2212 Adont pauoit geus destraigan
1249 2166 2487 2290 Pu archeuesque yot ueni celle saĩson
2294 2162 2494 2242 Rertio
1288 2226 2558 2339 lr cheuesque de toies martin auoit anon
1265 2283 2979 2415 Pour leuesque daitous que thery etuon⟧ nomoit er
1281 2336 2618 2451 Estoit adont uenus a amieus che dist on
1267 2396 2853 2520 far chierys gisou malades dont Ie fay meuston
1260 2442 2579 2564 Lendemant ananatin sy con lisant grenuon
1242 2516 2772 2624 uurent l doy enfant au palais deRgnon
1242 2566 2860 2697 Deuant luy se moustrerent prminepẽ parla uon
1242 2626 2722 2741 EEt dist sau dami dier quilfo feufsoy qufsion
1270 2702 1313 2760 t
1339 2688 2468 2794 qui resussita demort saint lazaron
1251 2748 2860 2870 Il uous gart gentieus sidel ⁊ uous ot roit pardon
1240 2806 2745 2923 Enstnt che leur adit larcheuisqne denen
1226 2870 2588 2973 Pien soies uous uenu en chest mau pon
1235 2925 2664 3061 Enfant dont estrs uoues de quel Rerion
