3104 4140
1394 627 2501 763 De paradis teroestre le noble seigneurie
1405 694 2100 786 fors seul quedun põmner
1382 740 2478 860 Mais ene du serpent dinser fa consillie
2130 736 2761 823 leur Sõuas le maitrie
1378 791 2554 919 Cant quadain en menga de cepe fist l foue
1369 839 2496 977 Iufer en conquista pour luy et se maisme
1394 908 2132 1000 n ans fu en beur frumerie
1378 963 2485 1048 luient leur auemiu ⁊ en leur cõpaigne
1362 1005 2487 1101 Mes puis euis pite de le poure ugnie
1364 1055 2282 1150 ꝑfetisier fesis de uenne prisie
1350 1120 2480 1200 Car Il su uien ueu par l saige isaie
1336 1163 2758 1255 Cant quil dist purement que de yesse ligmie
1348 1223 2570 1311 uasteroit et ueuroit ledigne enteflorie
1336 1276 2604 1361 En porteroit le frut dedigne maistrerie
1341 1324 2505 1403 Et che su tant a dire que le uurge anaru
1329 1370 2577 1455 Porte roit en son corps sans caruele maiterie
1355 1416 2678 1513 e fil dieu proprement dont elle se doit Remplie
1350 1460 2496 1568 Et que che sil de dieu aroit celle maistru
1334 1527 2742 1630 Rue sa digne se char ee ert pocr noꝰ mortefie
1332 1586 2439 1660 Et que pour sa mort est ioie sy exaihuz
1318 1644 2441 1713 Euuser seroit brisies et le porte srossie
1323 1683 2390 1770 Et Badis omiers crestoute a une fe
1352 1738 2510 1821 Perge che fu bien uoirs toute cheologe
1329 1789 2462 1869 Ru en g̾ coy aun iour q̃que nul hõme die
1341 1853 2567 1911 En toy fis tous couprius le monde a une fie
1318 1895 2630 1973 EEt autant que le crois en pendi Par enme
1385 1954 2528 2017 nes es sains chieux su noblement Rauu-
1320 1994 2772 2081 Et dangles et darganglos es noblement suir
1325 2042 2604 2125 Et tout clie que tu ueus Iũs tes fieux lottr
1366 2102 2696 2166 nergesy con chest uoirs Ie te requiers et pdie
1325 2143 2747 2240 Que chil quien ne me fachent doleur ne hasq̾e
1352 2198 2623 2283 y cost quil ot che dit ne uous mentiraymie
1362 2254 2613 2334 y chien se sont Rarait mis neglatil ne crie
1348 2300 2372 2392 tant es les ni Rois que Ihũs brnau
1316 2352 2450 2444 ermite out perchut a uire ceste uestre
1297 2419 2496 2504 Qui de leulles estoit etouures et furme
1293 2470 2211 2559 Quant uirent le prendõ a tout
1309 2518 2206 2589 Pelle part uout ẽ courante
2294 2493 2494 2587 furillie
1357 2571 2726 2672 Nend̾ont̾ Ihũs uous gart le fil sauxte maru
2294 2557 2319 2619 d
2346 2557 2715 2638 heury siscou
1297 2624 2243 2716 Euant le rmnde a de dieu le uois
1343 2679 2505 2766 Sonques saresta et puis ahault sesirie
1290 2739 2363 2822 Bien a inilans se dieu mebenen
1293 2806 2369 2898 Que Parler Ie noy de Raus une fie
1417 2849 2620 2946 ne fust deux enfans aquidieux bien ottrie
1313 2893 2402 2987 Ie le noris pe ans en le fories naie
1311 2937 2685 3068 Etquant qeuris lentent tout iy sans ly frenne
