3104 4140
177 855 1509 956 Fist le benaychon s sa se main leuret
283 929 1573 1030 disant iepri dieu et le uiergeloee
184 986 1863 1090 Que le glorre des chieiyo uous soit atous dõnee
181 1051 1546 1147 Pont ploura teuromẽt quãt fist deseure
188 1110 1541 1200 Et lseuris se party qui a son ost mence
179 1173 1560 1262 O luy le Royanthoine a le brache quaree
188 1232 1392 1315 Eet le ber amoury descoce le semce
190 1288 1702 1382 O ⁊ aproche le rampaat le droit iourme
869 1357 1969 1453 reftue se mors ly seraet caair et hastee
225 1414 1530 1497 ⁊t qui sera ferus. dum lanche asserce
248 1474 1606 1559 n se ment que quis le male gent deruee
232 1529 1624 1621 denorent dieu en crois a le sainge p̃nee
241 1584 1548 1672 Con clancie ueuredui par toute le ꝯtree
246 1639 1649 1729 insy que uous ores sil uou q lest etagree
230 1690 1661 1789 nuiera castre sen ua ly grant ost Rerdoultee
227 1750 1389 1851 et elame sen fuy doleute et esgarer
204 1810 1714 1908 amũ mais dame ni fu sy de cuer tourmẽtie
195 1869 1405 1966 Lõme estoit le Rome elame lõneri
193 1931 1465 2023 Tant a la le rome cuy ame soit sauuee
202 1984 1684 2088 gue le chire de castre en est be dame entree
230 2058 1555 2150 pois luy a descounoistre sest elre maseura
220 2106 1780 2205 et elle estoit aussy moult tainte ⁊ moult hallir
211 2159 1507 2267 Du hable et du soleil estoit moult enperee
225 2226 1755 2325 rt de grandemaladie quelle ot cpar mainteauce
211 2288 1382 2387 roit en lostolorie est le Rome alee
211 2348 1516 2435 la ou plaisauche estoit de piecha amassee
200 2408 1601 2500 le le fu moult ⁊ rishun de paisanche ainsee
218 2467 1803 2576 et quant plaisanche uit quell estoit tetouriree
220 2523 1419 2631 onchement la cola disant dame lore
216 2580 1523 2697 amain ne uous fauray ne soiru esfraee
220 2628 1428 2753 uene moy demorel ne soies espanter
213 2688 1316 2803 dont ly a elame lauẽture coutle
197 2748 1495 2865 at gmxnt elle fu dedens Rõme amassee
147 2808 1585 2934 Par dessons les degres de le salegbamre
177 2870 1557 2994 Et ly conte cõment elle sest deseueree
147 2934 1677 3054 Pour le uan roy leuri dergletarre belie
149 3006 1571 3114 Etui estoit Retouruis Coultre mer salu
338 3081 1919 3199 niur laisanche lot adout sost Ramenorie
172 3063 218 3190 ¶
