3104 4140
1346 961 2963 1099 et par sa grant grasse leur cardast de mesprẽdre
1401 1039 2827 1159 l se uoloit nõmer Il ler feroit tour pensre
1419 1099 2722 1207 qoier de couuison uit sonpere descendee
1316 1145 2846 1260 Qu palais ou degre sen uint saus plus atensie
1385 1209 2604 1317 e ppere uit lenfant qoser con poure hom
1343 1262 2418 1366 Il la procha de lun ⁊ le nus allrisor
1329 1311 2705 1414 Etlly dist restien frere ne say nomer ton non
1313 1361 2871 1472 Dy moy sil te fault qioue que soit en me maison
1362 1421 2802 1540 ⁊ sas hous respondy bien nõmer me sauou
1325 1517 2731 1635 Rieu uous regue us biens curtes ien ay asses
1419 1575 2890 1678 uous Ra maint lenfant que uous tault de fires
1348 1646 1371 1718 I
1410 1632 2864 1741 t home che dist son pere pout diecc de parddis
1313 1685 2751 1787 Poit quoy me ramentuei men enfant alixie
1369 1741 2761 1849 erant ql nest Retournes certe Il nest pas uia
1327 1791 2841 1897 Ouel ay quant men souauint sen ingray liuis mer̾dis
1350 1849 2671 1938 Et a dont est sa mere horl be la cambre isso
1456 1888 2724 1991 dessonn les degres deuant son sil uenue
1392 1934 2724 2037 t la ucede auffy que moult su yrasain
1392 1975 2984 2102 uait ly sains hems les uit tour ly sans lyaemue
1578 2040 2606 2143 ne ee osa a qous acrasouner
1403 2074 2722 2185 y a dit puceule forment uous doit põser
1375 2134 2712 2244 De ce qoiet paminer que soulz les dezresgi
1398 2178 3011 2293 e coybien quil uocs est pous est onquisdliens ne ngdi
1392 2247 2726 2352 aasone n see drapiau loier pbur Ihũcrist
1424 2297 2733 2392 ne ymera ꝯcres trop forment apalist
1362 2341 2756 2442 la quiceibe respont qui fu tour toise et saige
1424 2382 2765 2500 il trespasse chiene ce sera grant oultrange
1421 2458 2768 2543 ne sauoue auchois son non et son coraige
1371 2502 2984 2610 Ii lons par ler a luy se sarous son non et sog lichuaige
1389 2559 2768 2670 a drmne ly dist file parfoy gy uoy ents
1396 2619 2982 2718 ousiours quant ie li uoy me soument de monsis
1382 2677 2827 2773 pou quil ne laise de l bonque et du uia
1364 2730 2984 2824 de duel quan de moi fil qe moray ame meedis
1366 2792 3011 2879 pon pour quant a lons ypuis quest uostre ta lent
1352 2842 3016 2944 poulz les degres alornt ꝑ lontant bien tecremer
1373 2909 2800 2989 Aalexis de mandeint sen nou et son ialent
1380 2962 2754 3052 Il leur a dit uestien suy nõmet uraienunt
1428 2999 3014 3118 uant Il a dit che auot meux quil peult sest dec̃chu
1357 3056 2959 3176 a mere et la pucelle embracha Par des pies
1447 3107 3002 3229 ⁊ dist merchy uous pry pour le dieu amistiele
1357 3155 3016 3321 Car bien scay que pouz anoy aues les cuers coura
