3104 4140
1102 726 2409 821 Que puis chamdiy elaine de sy male coroie
1102 763 2722 883 qur tant de mau souffry li dame siple etquoie
1099 816 2466 936 Que le centisie part dire ne uous sarou
1099 876 2333 1002 Eu contre sen fil une car elle sesbanou
1113 931 2703 1062 Re hors londres le grant en ung bos que uerdou
1106 995 2489 1104 Quant oy de sen fil que proesche maistroi
1138 1051 2563 1166 due faine Remeuoit dont forment ly auoir
1125 1104 2581 1223 qour che quelle ot este Rrouuee en my la uoie
1122 1152 2653 1306 dasensil est uenue se ne se f trust pas quout
1113 1205 2685 1359 uaux ꝑfiens ou aues uous troune yaelli proir
1132 1281 2680 1423 deux mille en ont eu leur uoloir par mouuoi
1097 1357 2524 1490 Se nestoit pour ung pau eruant tuer liroie
1118 1414 2294 1552 Far le lassies aler ilũs mal ly otroir
1134 1499 1716 1596 a narus gelli gra
1711 1458 2556 1559 i par fon uor corps foloir
1716 1538 1741 1593 o
1109 1504 2570 1651 due dauoia telle gache amer ne le poroie
1113 1559 2526 1715 belle montoit lassas ames mains lochroir
1143 1614 2639 1768 et quant heuris lentent se dist taisies uoul coie
1316 1660 2604 1812 nen parles plus ou ie uous courchiroir
1115 1718 2602 1879 Con plus le blaneres ⁊ rrop ameux lameroye
1198 1798 2464 1925 le mere du roy a donques se desrou
1104 1858 2491 2005 De parler laidement plus que ne uous diroi
1242 1922 2574 2035 y riches rois henrys que le suer ot certain
1242 1982 2393 2102 enamenia elane ou palais souui rain
1104 2026 2554 2152 Ilangre le male mere lespousa lendemant
1143 2074 2814 2219 randes furent le nocuches moult pot unet pain
1138 2148 2512 2281 Le conte d clocheneꝑ tint le roy parle main
1118 2231 1868 2334 Delaine ly demande sel
1919 2226 1951 2318 s
1969 2208 2498 2293 delieu haultain
1127 2260 2491 2394 Ie ne saiy dont elle est dist ly roy en certain
1120 2320 2526 2442 Ies selle estoit fille de boghu ou de Rypiam
1122 2373 2565 2490 Ce uauit bien ses estas quille ait ung catelain
1118 2426 2590 2546 aluis ne uy sy bel corps sy douch nesy humain
1104 2479 2579 2603 Qy gracluripo uiane plus blans que nul estain
1120 2539 2653 2649 Tant uoy de grant biante son corpliforme et plain
1270 2587 2650 2700 nauoit de draps uaillant unge nou destram
1171 2645 2514 2750 lt laroge a moulier tant est d bei reclain
1148 2695 2593 2810 Que de Ious mes biens fan son corps souuerain
1109 2741 2627 2881 Selle na point dauoir ien ay poir ly tout plain
1132 2806 2464 2932 Corplust a Ihus et au corps saint germai
1138 2863 2471 2992 que d coustume fust sans penser a fanai
1141 2944 1951 3042 Quades uns aichelz hons
1974 2939 2031 3026 si.
2054 2911 2554 3017 mariast a plam
1141 2985 2413 3095 apaure demoiselle quoust corage certain
1129 3045 2192 3162 Mes luoir lemandent ly unãm
