3104 4140
262 673 1594 798 Paiien qui soit uinãt na entour lui durãche
294 736 1594 860 He uoꝰ le aoy briuant qui tenoir une lanche
294 784 1700 915 Et fiert bien crestien q̃ pas nestoit de fianche
285 844 1684 952 Ou corps li a tranue le ceux par sa poissance
289 899 1546 1016 Ilort labat du cheual ꝑdessui une planc
285 959 1415 1062 La penssies ueoir une fiere alianche
271 991 1711 1129 Taut crestien morir a deul et a uientanche
296 1048 1652 1179 Et tant fier sarrasin gesir a gũt mescãche
317 1090 1721 1230 Que Iamais ne uerrour ne p̾re ne chenãche
296 1154 1603 1292 ꝑ y Rois uriuans y fiert y se fiere beubãchi
303 1198 1626 1347 es li bon c̾stien qui sout plain donorã chi
310 1237 1815 1400 aauoient diaux destruire a leur ceuz desirãche
306 1308 1707 1449 Mes il y auoir tant de le gent sainz sanche
315 1359 1734 1508 Que se li no. ne fuffet̃ planz de gñt uaillance
306 1409 1806 1573 Ia neussent en uigoire ꝑ fait ne x poissanche
400 1474 1861 1619 Eugneur celle bataille dont Ie uoꝰ uoy plant
379 1515 1930 1692 Dura deux Iours tous plaines che noꝰ dit li Rõmãt
269 1619 1394 1743 Iaxossole de Rome q̃ a dieu su amant
315 1635 1790 1796 Olue ses cardinaulx etle clergiet uaillaun
324 1708 1723 1851 Regarderent auchome le fort Roy ꝯquerant
324 1759 1778 1899 Que bien se combatoit au peuꝑle mestreant
333 1823 1755 1950 i dieu fait se pere teurement soupirant
319 1851 1898 2014 Quil puist auoir uictoire a le gent teruagant
331 1911 1969 2067 det que dieux li dounit grace ꝑsen digni cõmant
326 1975 1751 2111 Que Ia nait uolente desponsir son enfant
1343 2046 1642 2134 depriant
333 2056 1329 2189 Ainisy ua le saint pere  Ihũs
329 2072 1914 2240 Mes cestoit che q̃ authomes ua le plus desirant
340 2157 1546 2293 ⁊t poͬ auoir le grace de lapostolle frant
338 2194 1815 2350 iloit contre panens son corps auẽturant
299 2244 1935 2385 Tant fist le foiss authomnez quil encõtra briuant
340 2297 1942 2444 seene se gent nest e mort młt lez ua damagant
338 2362 1843 2509 Pors en Iura auchoures le pere tout poissant
356 2415 1852 2546 ue iamais Io nara le ceuz liet ne ioiant
349 2477 1840 2599 hara mort le glouton qui le ua damagant
368 2527 1810 2649 l broche le cheual sa trait ou poing le brant
349 2587 1826 2697 Ruuers le sroy briuant est uenꝰ acourant
349 2640 1783 2755 Amont suz le hayamce le dõna cop si grant
352 2688 1925 2812 Que le chercle dor fin en ua sus trauentant
356 2762 1739 2868 Ry hayalmes fu listes le cop ua deualant
349 2810 1863 2927 Dessus le destre espaulle tellemẽt a briuant
354 2870 1942 2992 Conques ne fist deffeuse haubert ne Iaserant
322 2941 1863 3070 he brach dont tiur le hache li abaty ou camy
