3104 4140
172 807 1435 933 ar u nous Racaras pians a chiere lie
165 880 1286 982 cesrites le Resos deconte cresoru
151 915 1412 1046 elasz che su tes sans sen fu ly cley forgie
138 970 1394 1097 dime lauche trenchaut huite su conuoie
144 1007 1546 1156 roite ment a tou cuir la lu te char perchie
131 1053 1594 1223 la respandy con saut uorunt le conpaignie
133 1099 1649 1276 dont ge. le pierre ferdy par diuine maispie
195 1196 1313 1327 solaux en canga clorte fu ameuri
184 1223 1493 1375 nestoit que mdy se scoubloit le mutie
138 1283 1428 1437 dius alas en infer a ta poure maismie
255 1363 1168 1490 en iettas adamn et enr la cen
103 1442 1030 1540 Iaceost et sa lemon Sreus en
1122 1428 1265 1508 Aye
266 1462 1500 1591 chieux qui y estoit para dameulachie
202 1536 1309 1649 e pulrre fu miã otier iour iu asuir
1589 1517 1783 1621 agłos
1882 1536 1905 1614 U
248 1593 1217 1697 alassension montas en ternoisie
1468 1591 1928 1674 ais conrõtiee
163 1637 1318 1757 et quissedy apuies fu te merecꝑaine
1435 1649 1728 1759 e sere
236 1685 1217 1803 ue enparadis a ioit conuoiẽ
1421 1699 1479 1784 .li
292 1736 1249 1860 st par de les toy couronmes
147 1757 1631 1920 dame sꝰ con cest uoirs quen le glonreexanchr̃e
243 1844 1408 1971 s uroir uasil en se disin. maistoit
174 1897 1445 2030 en pooir ex en elent de ti le seignorru
172 1931 1760 2088 dul est ⟦pedest et fieux et dieux quon que nulhdie
172 2023 1438 2141 Et uysama espris qui do nent coupagne
156 2074 1394 2203 dtretant enportas en celle mortel uie
147 2097 1640 2247 uen ce crois enppendy pour humaduelignie
200 2180 1392 2300 et autant qua lantel prestre en sacrefie
232 2242 1295 2350 s tant quen saini chieux ena a une
181 2281 1516 2403 epresentant deo fil nous gardes d folie
177 2352 1371 2456 Eusyꝯ Ie le sroy doncle uierie marie
128 2412 1076 2511 O me ueubies chyestre
1090 2378 1642 2486 ⁊ uoꝰ plest enaie
225 2456 1500 2564 n pe chi ron pain Ie maie uiloume
184 2511 1417 2626 or iameroie mieux que ie susse ochie
179 2557 1518 2674 unt sest ieter a terre cõme fame de spaisie
195 2610 1564 2730 ⁊n disant merecdier or ne Iroublies mie
184 2677 1447 2787 dame Re luisans de trestous biena flont
181 2716 1530 2840 a cussanze Ce torbe Eat le mieuue partie
186 2785 1670 2884 uour che que ie ne uant penser a uilonne
216 2865 248 2946 U
135 2881 184 2937 E
283 2838 1371 2946 suyatel mesquief et uuree ⁊ iuor
144 2879 1707 2999 T onques puis Ie mieut uien Iourme ne deune
230 2983 250 3052 2
280 2939 1612 3042 me ueullies aidier dame Ie uous enpre
335 2980 1882 3104 uous me fales quy dont ia singe bienhonnie
260 3047 1272 3192 lame le Rome dessina sorison
1780 800 1898 913 IlcC
