3104 4140
1449 533 1546 644 59
112 634 1541 747 y fleur delis ly fu des sains chiens enuoie
103 699 1668 825 iont les armes defranche ont gruit seignoirie
112 772 1566 887 me droite matere est drois querie uous die
112 839 1606 965 ar authomnes ly rois que tant ot seignourie
161 913 1675 1046 heury dengleterre chy doy par ꝯpague
260 1014 441 1090 Inau
112 1002 1417 1136 rent doy saraĩmi aueir leur loy caugie
110 1067 1693 1212 et fu moult de par paux le lon dier epauchie
103 1150 1504 1285 Et firent couuerti flandres et pacardie
96 1230 1624 1366 auchonnes tout prenuers que le charothardie
112 1313 1658 1442 Sais el tamps qui queroit elaue ladrecie
128 1373 1527 1513 ⁊uaucha le loy dieu qui demort uint auie
98 1446 1527 1596 Ca dit a graibault sire rois Ie uous prie
103 1517 1872 1669 Rue laissirs ceste erreur et cheste oeuure eurenee
158 1600 1599 1752 t se uoul bapaisies laissies celle folie
110 1678 1794 1833 aien uoie que auemus aie uault mie une aillie
140 1835 174 1902 e
202 1782 1778 1897 suy rois couronnes. se trong en me baillie
101 1849 1387 1994 route constanttuale ele terre plie
1507 1881 1852 1987 honiquierie
131 1927 1746 2072 lus dolant de moy na sy qqusque en glouga
108 2023 1658 2157 Car ie uoiz ouagent que la hors sont logie
112 2106 1716 2235 Rue raut une uchelle de grant biaulte carnie
110 2171 1382 2320 lame lapellcoi pour certaiñ uoꝰ affie
131 2293 1688 2385 Y mien soips lengenra or est de moy partu
165 2355 1518 2470 our che que aie uoloie de lyifaire maiue
177 2417 1695 2532 re che dist graibanlt me fille ma guerpae
165 2490 1684 2599 iour che que nie uolois que ieusse sadruerie
186 2573 1698 2679 ne scay ou elle est dont Ray le chiere yrie
197 2640 1470 2748 tanthomes ly dist pardieu ne la cam
184 2707 1550 2819 In eudroit mamena pour te iozengerie
149 2773 1507 2904 reche dist geawault a Iqũcrist motrie
181 2879 1523 3006 mu bangeray et iou et me maistne
