3104 4140
138 823 1670 959 tant deux les enmerauy car moult les doy amer
94 901 1580 1009 pire dist larcheuesque ueullies uous acor̃tel
154 959 1543 1076 ne uous en laray point uni seul enureuer
131 1021 1638 1140 dour aperdre lonneur que iay agouurener
138 1085 1580 1200 ongement mout huy se les doy mõlt amer
124 1143 1652 1265 luent moy demoitront auoy quil doie couster
167 1200 1707 1320 trop qlus que demet les uoray honnourer
133 1271 1675 1389 cõme eufant deroil pai et amour porter
128 1327 1645 1439 e che dist heuril Ie les cauch engeurer
250 1377 1895 1494 drois quer Ie les Raie re troq mont peu coustir
140 1435 1737 1552 moy les enmerray se dieu me puist sauuer
225 1497 1626 1612 dist ly archouesqne ains en ueries fuier
126 1566 1320 1672 urox miles persõnes a martire luurer
121 1600 1815 1727 Eue Ie uous en laisaiche un tout seul puet mener
204 1649 1702 1770 archeuesque de tours parle moult haphe ment
200 1692 1928 1828 Et dist Roy dengleterre ian moultle cner delent
179 1764 1645 1881 deu me cindies tolir los enfanr cellement
149 1814 1589 1941 Quant Ie les ay mours sy amoureusement
138 1862 1633 1996 a ne les onnierres che ⁊ uous areemdiment
195 1908 1592 2049 nchoĩ les garderay Iusqua megfiuemeis
177 1966 1470 2113 are che dist heuris par dieu oĩpoteis
170 2003 1780 2171 He sont au doy my fil par droit engẽremẽt
223 2093 1817 2231 est d rois que ie lis aaie amen cõmand ment
299 2166 1486 2281 es en Remeray de deus men casement
121 2205 1642 2350 Sdachies Ie les pray parforchi muaultrement
135 2286 1633 2415 Et quant ln archenesque celle Parole entent
121 2336 1472 2486 Contre. ual le chite a fait aruer se gent
253 2392 1728 2534 par uut et par iour len fist cõmandement
190 2467 1679 2587 aiul soient sui leur garde ot araue riche ment
154 2509 1753 2654 laarquon ms lous nensse saua sen cõmandemẽt
133 2587 1507 2711 Et chil le font ensy sons nul ariestement
151 2709 1458 2819 Seruy ꝙ hault uaron ⁊ sobempuellement
179 2741 1677 2872 y erfant de bõnaire dont Ie fay marlemont
200 2789 1948 2939 eruent deuant deurperet che scachies noblement
172 2852 1679 2985 hot de lus uiaux de moisaixs dessons de firmaanet
172 2909 1564 3049 n pere les Regarde sy enplouresouuent
163 2969 1461 3088 Etanthomes ly rois larani teurimuent
177 3022 1649 3146 Et Rdyre toit elame en son suer tenrenunt
167 3081 1417 3252 hy filis dist il par menfor efremeitr
1813 929 1930 1046 16
