3104 4140
1541 800 1670 929 163
147 933 1661 1046 ystoire tesauoigne dont on fist le Rõmẽ
108 993 1799 1099 dixe tant y asselirent ly gent cressien uaillant
78 1067 1746 1154 uil conuirent le uille a lespre trenchant
101 1129 1484 1207 Ausy que Ie diray se madea escontant
108 1179 1610 1265 uey foss es ont Reniquy chrs⟧ clr et sergant
119 1228 1760 1334 Esquilles firent faire et puis les uõt drechant
103 1294 1378 1400 e muron le chite et sen y auoit tant
94 1343 1456 1455 ml esquielles ou plus y alast an ꝯtant
115 1416 1539 1522 . saine dy matin fa sy qua prime sounant
128 1490 1044 1589 prendent amonter chõr
1224 1472 1385 1543 gan
121 1534 1543 1642 rt uirent des crestiaux la furent parsault
135 1600 1537 1695 eui uspmet aloient le chite assalant
140 1672 1716 1750 raes dessus bee cristiaux uout crestiena mõ iait
126 1720 1748 1807 a uant sy grande paine no uaron endurant
188 1777 1797 1879 ue ne le uous droit mus clers qui soit lisant
140 1833 1546 1929 aut fout que saros. se rout Resortsuit
142 1897 1525 1975 t ouurirent no ent uue porte quant
131 1952 1658 2037 Dar forche ysont entre ly doy roy ꝯquerant
170 2005 1477 2102 prumiere frumure alerent ꝯquestañt
177 2074 1470 2152 paner yauoit encoire de Remanant
190 2125 1550 2208 duuuyiche se uout nobaron Reposant
186 2175 1458 2265 uin dy au matin salereit a doubant
165 2221 1794 2325 ant firent celuy iour che trouuons noꝰ lisant
147 2283 1960 2380 mie e Porte conquirent dout furent moult delet
124 2341 1732 2431 raisen et sarazin que moult se uout oubtant
131 2398 899 2493 et gent Rrestien uouts
1182 2385 1826 2479 en le uille amassat
115 2449 533 2532 Dee portert
816 2440 1702 2527 oille se uout bien enclpan
172 2481 1702 2580 enees et painllons et quãquil out uaillant
119 2541 1601 2635 mainent en le uille et uout asariant
131 2596 1725 2686 si maisons quil trouuerent la se uontoste lant
151 2654 1709 2746 ant firent no baron qui en diru sant crerint
144 2709 1891 2801 na le troisiroie poite uout lassault ꝯmenchant
135 2766 1438 2870 a se sout ordene ly petit et ly grant
144 2817 1702 2930 ⁊ quant henria les uoit sy an ua apelant
149 2881 1638 2985 e Riche roy auclioie qui a prisa⁊ fat tanst
131 2939 1631 3040 mrer che Sist heuris ae les moy descentant
135 3006 1445 3116 a sont ly sarazui matte et Recreant
294 3058 1684 3160 la cn un mout ou Il uout enuurdant
140 3123 1691 3206 donr deffeuors be uille nosent uenir auant
151 3167 1776 3288 a eux allans sent ie men uois moult dourtat
