3104 4140
1371 781 2749 878 De prendre lapostole moult forment desiroit
1369 853 2837 940 Mes ly uous rois heuris fierement le uuardoit
1447 913 2726 1014 ly papes oussy moult bien le defendoit
1371 975 2388 1076 allespee quil cuit se uie calengoit
1364 1048 2804 1147 iles sy grant assamblee entour le pate auoit
1380 1117 2715 1205 Q quoy ly uns le fiert lyaulkre le boutoat
1369 1184 2687 1292 Y Richis rois heuris tant a faire yauoit
1355 1260 2696 1350 quil nescet auquel les feri mieux ualoit
1355 1322 2871 1421 Tant fery de le hache quen deux moitres brisoit
1362 1398 2646 1483 irs en fu roy butor quant brisce le uoit
1366 1465 2885 1557 ors de rĩpet rõpy le presse et uers le Roy uenoit
1369 1527 2724 1630 ¶ Et quant lieuris le uit sy saqua un estoit
1369 1603 2837 1711 I clieual ua brochier uers untor sadrechoit
1373 1695 2781 1791 Eusy que pour pouster le paia aprechoit
1401 1768 2717 1867 l met tout ꝯtre tout se uie auenturoit
1442 1839 2880 1941 t de corps et de pis et de quanque il pooit
1366 1920 2606 2021 uuit iouster auictor et sy uien la senoit
1442 1989 2807 2109 ne dessons le uoidure los armes ly passoit
1343 2076 2768 2196 Troit en loint la tendy et le corps ly parchoit
1334 2139 3000 2279 Tout oultre par dof deuere le fier toult oultre qrass
1352 2251 1408 2327 I
1417 2247 2699 2355 Resaquier̾ quil fist ly achiers ly brisoit
1320 2329 2871 2435 qp que piet et deny au corpez ly demoureit
1332 2412 2682 2527 qltgh anchousse ffu le paien la endroit
1348 2486 2517 2592 Qna le tre quoy alieury mal aloit
1350 2548 2625 2686 nauoit de quoy serer ⁊ cascuns laffaloit
1511 2635 1594 2707 ons
1647 2642 2818 2746 Iu ly uois heuris corageus et hardis
1564 2723 2724 2817 estoit en lestour entre les abaubis
1355 2787 2818 2891 Nauoit dequoy coubatre ly Riches rois gentis
1640 2865 2722 2971 eit la postole qui estoit entrepris
1357 2934 2680 3031 dont Reclainadieu qui en lu Rois fu mis
1350 2999 2784 3132 Il ar garde en lestour ou grans fu ly estris
