3104 4140
154 892 1790 998 uns ly dõne a boire ly aultres ly ua trenchant
135 956 1679 1074 Sy grant cuorir ly uout ly doy eafant moustrant
140 1025 1394 1106 Que tous en loeront ly pent et li grant
276 1085 1546 1166 rant feste fout le zmnte ly enfant saignouryz
165 1133 1576 1216 ⁊ moult lont douchement hõnoure et feru
158 1186 1371 1278 Moult fu iuon festiee S arhe Roy heiry
163 1246 1507 1331 EEt dauchome eusemont le Richerry hardy
158 1297 1534 1391 mengier ne uaudt lerunite d quã que il seruy
167 1345 1442 1444 iues ly loul archeuesque se ly adit ais
149 1398 1732 1508 Prendons prondes chy grasse tout pout la mõ de my
174 1449 1649 1568 li ioour los deur enfans qui bien sont uostre amy
142 1513 1472 1619 Se meffait y auce ie le preng tout sur nomy
144 1570 1293 1665 Sire dist iy hermites Il uira mie ainsy
186 1632 1511 1720 cor ian me poirueauche a donques atin dy
149 1674 1470 1784 Des herbes aplente Riens Il ne despensne
151 1743 1433 1823 Car onques ny menga q iens ꝯ ait seruy
163 1800 1348 1869 Belle mut ot passir no baron seignoury
167 1849 1412 1925 EEt ly rois Angli terre ot le cuet esbaubn
190 1895 1488 1975 Il prie aeu a gloire aue ouques neouenty
154 1941 1615 2028 E came ly denoie le damne au corpa negy nory
250 1996 1304 2081 li chire a tours a fait criet un cry
161 2046 1520 2139 Eue sil est nuls qui saiche apar lex de celin
154 2099 1304 2201 Aqui faille unt mais et un brac aussy
161 2168 1461 2249 fur tos soit ameure ou pabus ceignoirt
193 2221 1302 2306 eur liures auera que uamuera ainsy
225 2263 1373 2357 sy sizans sen ua quie ny a fait detry
163 2311 1417 2408 Atrostontt les quar foins le nouuelle Ie hy
158 2371 1481 2458 Sy que toutele uille le sceut et lentendy
207 2424 1348 2520 e⁊ dist ln une a lautre Il aon a une chy
156 2488 1332 2578 Sour uieunet a locisse que clame nory
335 2539 1548 2647 le uout cisant dame pour dieu merchy
151 2592 1415 2704 m nea uostre afpolei a le court sans detry
177 2647 1194 2753 Uous orres de lauoir tout a uootry
322 2702 1231 2810 Ale qui doubtoit ꝯ n alast qo in
170 2746 1267 2865 Aisoit a uõue gent elle nest mie chy
188 2801 1518 2916 It uous ay en conues auant hier sen fiysun
156 2856 1463 2987 Puis sen uint a clamne que la se respondy
158 2911 1256 3033 uant iõtesse le uoit se ly acit ainst
200 2964 1426 3086 E lame par me foy iay moult tresbion oy
186 3024 1125 3127 & roy ont fait eur ienay oñ le
165 3095 1491 3208 Oue quy merlle lassui facis facre nul detry
