3104 4140
1617 936 2807 1053 de Rõme issus et puis se uoie prent
1408 1000 2901 1106 Il uint en lost hurtãt cheuanchant ra dement
1428 1048 2738 1163 Fuãe il uint a son irẽf ou pauullon Sessent
1405 1110 2848 1212 Et quant Il uit hurtãt se ly dit clereman
1398 1166 2791 1276 prre rois dist ly dus Ie te pryor entent
1433 1221 2791 1329 la postole uous mande que malõmet cram e
1454 1276 2873 1396 dul ne uoul crise mie un demerseulemet
1428 1324 2328 1423 La grant uolente che cist
2397 1368 2747 1451 uraiemen
1571 1382 2705 1497 ueoir uepooir ⁊ postre assam blemes
1458 1430 2740 1552 t dde cõbalre a uous destre moult forment
1520 1485 2942 1609 quant hurte̾ loy senot le cuerdolent ⁊ eroer
1537 1538 2623 1658 usuit huertad e le messagier parle
1555 1586 2742 1720 Na hõmet en iura sy eou loy bien cler
1481 1653 2712 1757 ne iamais en se uieme uora Retourne
1468 1688 2671 1810 i castre le chire qui bien sy fist frume ⁊
1435 1747 2791 1867 raprise le uille coypfait Rõme clamer
1355 1697 1403 1830 e
1442 1803 2673 1908 endemain au matun ea point de laiouruer
1442 1856 2655 1964 ist Rõpes ⁊ nacrures et buismel souuir
1375 1844 1408 1987 3
1421 1918 2747 2010 dorouet panen sen uout tantostormer
1458 1973 1474 2044 ‸
1516 1971 2772 2065 e font le haraiois ⁊ chareier et tourser
1435 2021 2816 2132 uere le chite en uou pour le uille gaster
1419 2070 2600 2178 lu ꝑl les par de la uoutlt cpaiullon leui
1424 2134 2892 2226 ayan les deuere gastre ne uaurent point aler
1426 2185 2972 2297 uer che que deche pas aie uault a rõmeẽtrer
1421 2235 2616 2320 e pain ne char ne uin on ny quist aport
1369 2281 2664 2375 Saroqu se locierent au les deuers le mer
1357 2327 2369 2417 acent lauirab quianoit acrarder
1405 2382 2800 2497 dalerne et le Roulme qui tant fait aloer
1410 2426 2715 2546 naiepour noient latendent sargin et escler
1419 2481 2756 2603 der heury dengleteroe et us front baceler
1357 2539 2595 2647 Prent mort lanurala se geut fait sun
1472 2582 2761 2711 forent fait les corps moult hion euransener
1341 2628 2701 2755 Polirche con le uoloit lapostole monstror
1375 2679 2351 2780 Iar heury le uoloit o pape pñte
1385 2732 2676 2831 pr deray du messaie qui aluy uint ꝑber
1357 2783 2450 2868 aqui bn apostole Rest de bries aporte
1401 2845 2586 2934 anxocla ly messaizes sy con ioy contor
1357 2895 2671 2987 puil encontra no geus qui issoient de le mer
1408 2944 2894 3052 y ii Roi ua unencont ly mes uistemẽt demã der
1332 3022 2620 3100 Et on ly ua tantost ensengmer et monstrer
1387 3063 2574 3162 redens un paullon quil gront fait ueuer
1405 3121 2487 3206 dont ly messaigiers secprist ocesluxr
1619 3173 2772 3259 chil dame dieux qui se laissa penir
1371 3229 2830 3332 En le saintisine nois pour noue pous rarater
