3104 4140
1461 956 2979 1074 hierps nestoit mie clers seurentent assentement
1412 1021 2885 1120 Pe ley trenchier le chuf cos et ismellemem
1442 1081 2917 1175 in uarlet fout uenir ett chieux lespreprent
1387 1136 2634 1207 Et cy berda les yeux ⁊ ateroe lestem
1417 1179 2864 1271 le quil nescapyroit pour ez ne pour argen
1431 1232 2984 1322 ⁊t chieux quant ot le fut se cõguuit plamen
1451 1290 2818 1368 rt apraes Reseint quil elbla faussencen
1571 1327 2871 1423 sta a ꝑlonsanche uenfant paicusement
1465 1380 2899 1472 tlit bailla un goine et fist cõmandement
1477 1428 2818 1527 uille mesist amort et ocersist uriefment
1382 1511 1829 1586 Mes uren dist
1902 1485 2880 1570 t cõgiint sy que cascun lestent
1438 1540 2949 1628 fue puane uit celun qui lenfant propement
1382 1596 2772 1681 porta loro de lostileponr ochr arourment
1369 1695 2931 1775 Pour sen enfaint soupre ⁊ pleuleteurement
1431 1639 2970 1731 et quant constant sentent se sen segtua forment
1412 1747 2894 1835 lt pour le dame oussy que de urailge resplent
1401 1807 2655 1883 le smuocour le sist las uenir enpreseut
1362 1849 2606 1925 lx pria merch a stieu se coupe uent
1447 1899 2816 1987 ent belle Re paicauche a son desinement
1564 1961 2807 2051 pendy ar̾ sourquel sans nul dde laiemẽt
1348 2000 1382 2113 5
1357 2058 1373 2122 1
1419 2000 2947 2104 dour cle aist en pprouerbes ⁊ raconte souuen
1382 2053 2906 2145 pangres uest pont celes ꝯ bien soit fait coiemen
1398 2113 2820 2187 e sinatour mmour sri par kaua emherbement
1435 2145 2883 2233 en moulliet ase cable sen et son pair ment
1396 2196 2669 2277 et constans Re paira ol h pe climent
1495 2251 2648 2327 table mengha olur fu longue ment
1403 2286 2666 2369 aeune le Rout qui benoiuelle entent
1447 2341 2938 2426 ne. Wy bous roie henris ou eugle terreaqpent
1378 2387 2346 2470 uoit pris le chite ꝯ dist il rltii
1408 2435 2708 2511 reen fu ason qier⁊ dieuen loe forment
1398 2479 2514 2548 apre pousonere adieu dipot eur
1396 2525 2850 2605 et poilr l Roy heury et pour goute se gent
1359 2576 2740 2649 et ly foro a ois ꝯstans quecant at hardenuent
1348 2619 2680 2709 rõm deparin au parie congier prent
1532 2668 2719 2762 pie se mist et sy sen part uriesment
1468 2727 2609 2810 .xo copaichnons quiflurent de segent
1316 2753 2779 2858 ar adiueme ua cherauchaut sterement
1493 2796 2814 2900 ont en le fouest ele diston aropement
1410 2840 2841 2948 u sos sieupo iozerana fuportes lnde ment
1594 2895 2754 2999 conspns enkes en le ferest Ramee
1396 2939 2894 3042 quent ses cõpaignous enke de Randõmee
1332 2999 2657 3093 Mee ainsy quil cassoit pary de fores eee
1373 3054 2590 3130 auresilt auourdroux prmyle apin
1410 3107 2229 3180 furent elyil mosie che
2312 3084 2804 3160 uerile proume
1332 3150 2862 3226 q̃rui auoiene monedry derant en lantreauee
1375 3194 2692 3309 eluy qua Iozezam auoĩt se mort iurei
