3104 4140
138 634 1300 752 natle Roy dengleterre ot lerunte parler
98 708 1235 800 Abuy en est uenus sely dist aault et cler
82 740 1350 860 rere dout uous uenoient chil enfant agcarder
89 788 1355 910 qreche dist berunites se dieix me puist sauuer
98 832 1373 968 n che bõs ues trouuay Ie ne uousquier fauser
92 883 1364 1032 in leus euportoit lun Ie croy pour estrangler
103 991 579 1087 t auent un lion
584 947 1173 1041 uange lantre trouuer
177 984 1318 1138 ues nory prians et les uant doctrinir
694 1035 1369 1145 moy partir et deseuerer
105 1101 579 1193 duis se uanrent
105 1085 1442 1255 dourquerer leleur mere et leur pere trouuer
763 1154 1233 1248 uelorent clamner
108 1209 632 1311 pere que Ie uoient
98 1196 1348 1366 Les Ie leur dis cõment Ie les uanc esleuer
94 1253 1359 1423 dont dirent qui uorent tant trachuer et aler
126 1317 1366 1474 ne pere trouuelont et leur mere ai uis cler
96 1375 1304 1527 Quant auchone lon couleurquait amuier
687 1432 1210 1527 prius a demande
96 1481 625 1566 Et heuris aleriiee
119 1472 1385 1619 rere nous sllirs uous lel rusengres moustrer
110 1520 1364 1674 De quoy mis hons seinst les enfans Rainser
105 1586 1256 1722 ire clie dist le riite aluides bachelerer
140 1635 1240 1784 ue le lou emportoit a choluyau leuer
165 1699 1023 1835 rounay con auoit fait ilier et lioez
722 1780 745 1856 x
789 1729 1247 1819 ne le scay nõmer
170 1773 678 1885 urat a une dame
612 1777 1364 1897 ult le urat o luy porter
135 1851 549 1952 les li enfes en
722 1830 1417 1936 ⁊ iror saige tout de cler
158 1929 368 1994 dicun
872 1904 943 1984 ne
1065 1867 1495 1968 uant engenrez
156 1971 333 2056 ne che
372 1925 874 2035 out my don fil q
115 1915 1463 2125 En le tresbelle clamie au monde na son per
727 2000 1265 2118 est assur au plonder
174 2056 674 2175 dont le Royheuros
236 2072 1242 2226 inthouies en pois apris a soupuer
135 2111 1760 2283 ⁊ mnoult lonc taxeps ne porent un tout seut mot parlur
140 2171 1578 2336 ri cpuis parla heuris qui moult ot le cuer uer
901 2247 1302 2313 uous monstrer
211 2272 865 2387 pire dist il nous saries
156 2332 181 2403 u
186 2304 1378 2444 chenin ou alerent par tierre ou par mer
177 2382 1412 2497 e uos uaurent. Il onques nule tcrre nõmer
1304 2442 1348 2507 e
177 2442 1283 2555 die endroit Il yroient pour eux aamas
140 2474 1378 2615 lenl dist ly plendons de che nestadoulter
179 2530 1514 2656 iar ce mer sen alerent car ie les uanc luirer
170 2592 1408 2711 .uii frant marõmer que dceuxo Ruust hõneriz
177 2635 1408 2760 uesstir se foy ms uault et utenir et iurer
149 2691 1392 2815 fuadroit port de salut Il los uauroit meuer
174 2734 1612 2872 re uous en scay plus dire ne qoir uoir aridrdz
133 2796 1633 2925 r tost che dist authoine Il les nous fauit uouuer
161 2868 1267 2978 amois n resteray que quil doi duste
117 2895 1649 3047 Eie mort ne me prent con ne poeust esquieuer
