3104 4140
1389 961 2908 1085 Bien dist que Ihñi lanne pour uertu monstra
1525 938 2832 1023 le coute morant moult direment prisa
1438 1041 2705 1117 sonquen sy Bouse abu ens ou castiel entra
1451 1083 2590 1173 t oussy sist authomne ⁊ maigin qui fu la
1431 1133 2597 1225 el brisses ny fu mme arimer demora
1435 1186 2722 1271 nenques lorcheuesque aui le castel garda
1456 1237 2577 1320 u le iour de cautui lyadis heuris entra
1431 1285 2627 1366 tanchome auent luy malore les mena
1520 1336 2692 1414 estres de laient a donques leur moustra
1530 1386 2965 1467 le tour de cauti li Rois heuru eutra fu nogrot
1511 1442 2961 1524 moult estonit haultret forte d pierre bien taillu
1401 1458 1449 1550 E
1385 1531 2853 1619 sumis che dist ly Roit ditee moy Ie uouacprie
1502 1488 2761 1563 heuris aparle bien fu etent se se uoie oie
1371 1582 2982 1678 moustre moy le clterne que sons terre est muchre
1378 1639 2602 1720 tut ua alautre tour de uille auchisden
1387 1752 2816 1839 Non corpi uoury neura et toute uo maisme
1587 1704 2676 1787 dist malores ne uous esmaies me
1380 1814 2848 1911 Pont ly uailla de le caue encaillie  les clofz
1375 1867 2731 1968 uis lamenale aliss qui su doeure forgie
1405 1931 2694 2017 ar tous estoit de fer fail de grant maistros
1412 1973 2662 2081 dir̾ qeiris la omiere les cles ot en uailli
1424 2033 2871 2129 coises bran uns portereul tout ly clarte flanen
1424 2083 2646 2182 u le chiterne entrerent ꝑ nuille a une fie
1415 2145 2648 2237 y aultre demorirent enlle tour batillu
1440 2187 1463 2251 ¶
1500 2196 2894 2295 ly prinche son uout en le chiterne aad authie
1458 2311 2903 2405 ar dessons terre alerent plua de lieue et demie
1398 2362 2593 2467 uetlpoiss que ale tour uenist no barõme
1557 2435 2549 2525 sont a le aterue no crestien entrea
1419 2486 2659 2592 Toises orent ardans ⁊ falon a plentu
1375 2530 2899 2665 Fant uout pardessons terbe no baron Rer oubtes
1412 2589 2809 2714 ꝑuen le tour au gruant sont ensamble auues
1403 2642 2687 2762 es huis furent ouuert la dedeus sont ent
1438 2704 3021 2819 eut sa roqui auoit la dedens aieses IQuãt il uirã
1403 2746 2995 2868 cachies que moult en furent ocuer espouentai peuple
1415 2810 3011 2946 et malores leur dist sanes que uoue feres de dens ac
1440 2852 1580 2932 rees
1410 2923 2650 3024 a leur conte cõment ses freree su fiues
1645 2879 2565 2983 n Ihũcrist ou ln alpes perdere
1415 2978 2572 3081 Qui ot dit amorant qui seroit entouee
1421 3031 2646 3134 u despit de Ihũs qui en crois fu penent
1438 3086 2740 3185 ⁊ leur me toit auqua qui fust de luy saumes
1371 3141 2947 3261 Iues la fist rel muracle que iprans ly doultes
