3104 4140
1392 910 2436 1011 Ia neuisse le tour se menissies este
1396 975 2204 1053 E y uoray mauoir puer et
1373 1023 2372 1115 Oe edesiray tresnoble frumete
1382 1083 2643 1179 Qu mes peuplie sera entoi cuy amasses
1371 1145 2632 1235 Far dout pait ya bole Rimeres et quen
1366 1198 2795 1299 Et pour les grans Rimeres dont il yaplente
1378 1271 2464 1343 Ii a le uille anon runore en uerit
1348 1322 2678 1407 Gire dient by roy uous lance bien nõme
1509 1370 2839 1483 rimereait non quis quis que chest ure gre
1369 1446 2471 1522 ¶ dont ont ly doy roi morant acole
1378 1478 2650 1584 Pussy fist lorcheuesque et mortus la dure
1380 1531 2703 1644 Et brisses ensoment pais se sout de seure
1408 1584 2809 1704 ont leur har nas estent et querquiet et tourse
1396 1667 2687 1759 ers lescluse sen uout l sont en auer entre
1569 1727 2726 1814 lu quẽs morant estarimĩre d moitae
1362 1782 2710 1867 uoble uiele y fanda de gens y uint plente
1355 1826 2669 1922 Iuoult bien fu amasser le uille en uercte
1371 1869 1428 1945 E
1474 1888 2567 1975 su ruuere nõmre puissi dy grant ae
2726 1918 2765 1982 1
1366 1931 2680 2040 tes quisse dy s eut le sieu non panine
1408 1991 2494 2093 y ot anon donay car on en ot dõm
1364 2049 2639 2139 le que re scont morant qui tant ot de uonte
1454 2104 2784 2205 igneurchy uoua lauray duban conte morant
1329 2159 2876 2272 Cde deay de no gent qui uout par neraiagant
1362 2212 2586 2325 y aicheroit geures et audoy sy enfant
1417 2279 2632 2373 out oy nouuelles denglitalre le grantt
1357 2286 1486 2385 Rii
1583 2336 2786 2426 quẽs a. clocestre a loit bion gontrinait
1463 2380 2715 2493 sy que par le mer uout no uaron uegant
1339 2435 2611 2546 Trouuerent une pille de sons le mer seant
1546 2502 2924 2605 teͬ su moult belle et de moult bel samblait
1343 2550 2768 2677 qu lopeloit hartonne che trouuous noꝰ a sant
1366 2615 2623 2725 aueuaot. un paren qui la loit goumenant
1350 2674 2657 2780 Et sauoit une sera auenques luy mauant
1375 2727 2531 2845 duet fei amonty s cheualier uaillant
1339 2796 2761 2918 Qui moru en be crois en plaisarche le grant
1339 2852 2908 2987 Et chieuy esoit ses fries Sont ie uou uoy parlan
1327 2900 2823 3061 quais il bie geoit point ou pole tout poissant
1530 2987 3009 3123 ie egtoit Roit scoche le royaume ⟦t⟧ auend
1320 3029 2804 3180 Samans auoit a nou pour uras se uous creant
1323 3098 2846 3254 uauoit qrdis orguilleis enche megdee uinant
