3104 4140
1456 722 1649 848 fficer
151 823 1472 908 re scauont que cha fait amortestes ierus
239 890 1465 977 quant ly rois lentett sy en si Nascus
230 949 1350 1044 oult estoient dolant ly selon saraq̃mi
181 1018 1617 1113 ue il ueoiont mezir poy uuter leur consin
158 1087 1233 1198 y rois fist aprter mahen et apolin
149 1182 1401 1269 diu entailliet estoient et ouure a or fin
149 1251 1638 1357 tuant ly pois les uoit sy grent le chiep eaclin
174 1331 1603 1442 puis seleur pria moult hault en leur latui
174 1414 1764 1527 ne miacles fefiste ꝑ sesissent parquoy nalast asui
147 1506 1256 1600 edent mahon entra un se lon saraiuy
149 1580 1325 1667 Et dist o roy bicter er enten mon latin
138 1646 1619 1761 on iour est huy uenul in nas plus de tiuin
156 1731 1808 1853 A comment que tu mueres ten corps prenderafin
142 1846 1594 1941 dedens men paradis Rouueras le chemtn
131 1934 1415 2035 Et la endroit uerras bareton et iupui
126 2019 1663 2129 Se Ie feront assir tout ou plus hault Iousii
128 2106 1686 2208 pour che que tu ar̾ mus maiit lrestien affui
140 2185 1806 2311 Ir preng en gre le mort qui tatent paus engni
128 2283 1640 2385 le pie de che monde ne uault ung estrelii
131 2369 1573 2481 Tout lyandle deufer sont Ia sur ie q̃min
128 2458 1663 2550 Eni tame condurront en demenant grant urin
126 2536 1596 2642 E quant butor lentent sapella malequin
119 2622 1486 2720 dr me desuestes tost dist ⁊ men ualipan
262 2704 1679 2808 me saquies du corps lhe grant ser acherin
128 2785 1571 2877 Sar Ie desire infer ou sont chil de mon lun
121 2852 1523 2944 Iluint teurout de moy grant sieste my cousin
140 2904 1776 3010 Nes Ie uous prie seigneurez que uous meteiz afin
154 2973 1435 3086 doy heury dengleterde ontant a de uenin
