3104 4140
1231 570 2395 692 le purnee deuait ot fait ꝯmandemont
1313 701 2586 788 deux moult biaux enfans que furent ualeton
1219 761 2579 846 lus belles keantres tronner ne poroir on
1187 814 2429 901 Qne furent lu enfant ale dame de poit
1272 850 2630 956 uant elame et porte au terme deoitement
1210 903 2634 1005 e deux fieux delira odens ꝯmandement
1233 965 2340 1085 Ie Ressause abme qui ait encõbrement
1210 1011 2381 1147 Adoures Iu ueuue a son ꝯerbegement
1221 1074 2455 1200 Et le Rrebdebõnaire clame que respplent
1182 1117 2544 1269 Deliira de deuxx fieux apaine et atoiement
1187 1198 2388 1327 Quant il sout se demande brieument
1187 1260 2565 1370 Euruuocet ly auoit ly pois ent ou tout apet
1194 1317 2340 1442 Marie de clochestre ly adit douchement
1187 1368 2756 1511 Iame che sont doy fil che scos scachies uraiement
1217 1432 2450 1573 Les plut̾ banx a ueoir selent mon ensient
1212 1511 2572 1623 Tanques mais Ie uenssr en nesun geuement
1231 1568 2314 1676 Quant elame lon dieux dile iouuent
1194 1616 2459 1736 Doonte de clochetre iu recorde q briement
1191 1669 2673 1787 Que le dame et deux fieux a sen deliurement
1219 1736 2420 1839 Et ly contes en lor ileũs du siermament
1184 1793 2459 1906 Oune part se sont trait ly baren uistement
1184 1853 2540 1961 Pour ainser enlriaux le saint batissement
1233 1906 2639 2017 et quel non il douront les enfaus propreurent
1272 1954 2549 2074 contes de clochestre apele haultemait
1249 2014 2572 2136 t dist seigneur baron par le mien lorment
1355 2067 2422 2196 erent baptisiet ly enfant nulement
1196 2129 1210 2210 ;
1178 2111 2535 2272 Parons enchois hendy ou engiet. We apent
1175 2175 2418 2332 mande par un ne sage que yraradeuent
1180 2214 2620 2385 Que se fame a doux fieux et quil die kaement
1180 2297 2611 2449 Et mande par escript son caer et son taleut
1189 2371 2432 2511 Et quel nous Ilz aront afunt boptissement
1182 2421 2572 2573 Stre font ly baron uous parles saigement
1205 2481 2448 2651 gui lettre font fare ly baron esrãment
1210 2541 2494 2723 equelle densoit en disait noblement
1187 2603 2630 2785 ou conte de clochestre gardant enuerement
1290 2677 2613 2826 iorre dengletrrre cõme rois qopement
2038 2815 2416 2902 plus decent
1168 2732 2434 2904 Iuande a bon roy heny ouangleterte apent
1187 2870 2457 2996 Dui lame le courtoise uo moullror ocorps geur
1309 2937 2537 3061 retõmande a uous de fois plus de cent
1201 3001 1226 3079 E
1180 3008 2416 3134 Ed me celle que est malade dure⁊uent
