<?xml version="1.0" encoding="UTF-8"  standalone="yes"?>
<PcGts xmlns="http://schema.primaresearch.org/PAGE/gts/pagecontent/2019-07-15" xmlns:xsi="http://www.w3.org/2001/XMLSchema-instance" xsi:schemaLocation="http://schema.primaresearch.org/PAGE/gts/pagecontent/2019-07-15 http://schema.primaresearch.org/PAGE/gts/pagecontent/2019-07-15/pagecontent.xsd">
  <Metadata>
	<Creator>escriptorium</Creator>
	<Created>2025-10-15T20:24:05.618220+00:00</Created>
        <LastChange>2025-10-15T20:24:05.618241+00:00</LastChange>

  </Metadata>
  <Page imageFilename="620416201_MS0742_0766_0042B.jpg" imageWidth="3104" imageHeight="4140">

    
    <TextRegion id="eSc_textblock_c4d72358"  custom="structure {type:text;}">
      <Coords points="1258,717 2533,736 2643,818 2643,1212 2873,1223 2901,1276 2682,1304 2634,1352 2643,1460 2597,1591 2616,1699 2560,1876 2579,1966 2496,2104 2590,2189 2735,2217 2735,2279 2653,2389 2763,2720 2655,2766 2606,2849 2855,2953 2827,3015 2220,3116 1267,3116 1221,871 1221,754 1258,717"/>
      
      
      <TextLine id="eSc_line_be30b056" custom="structure {type:default;}">
        <Coords points="2418,736 2395,736 2386,733 2367,742 2356,733 2349,733 2326,733 2303,733 2280,733 2257,733 2252,731 2229,736 2218,731 2211,731 2188,731 2165,731 2162,731 2137,742 2137,745 2082,745 2075,742 2038,729 2027,729 2004,729 1981,729 1958,726 1935,726 1919,726 1900,742 1895,745 1861,745 1861,742 1843,726 1843,726 1820,724 1797,724 1774,724 1751,724 1728,724 1705,724 1682,724 1675,722 1652,742 1649,745 1583,747 1557,742 1497,729 1495,729 1493,729 1468,742 1456,749 1348,749 1336,742 1302,724 1300,724 1297,724 1295,724 1244,740 1247,791 1247,807 1309,823 1311,823 1313,823 1371,809 1392,827 1394,827 1396,827 1398,830 1511,830 1511,827 1514,827 1516,827 1516,825 1534,809 1622,827 1624,827 1626,827 1670,809 1677,807 1684,809 1732,825 1734,825 1737,825 1739,825 1774,809 1780,807 1799,809 1882,825 1884,825 1985,811 1999,809 2013,811 2059,818 2061,818 2156,811 2243,804 2264,811 2296,823 2298,823 2300,823 2353,811 2379,807 2386,811 2402,823 2404,823 2406,823 2409,823 2535,811 2535,784 2531,745 2439,745 2436,742 2422,736 2418,736"/>
        <Baseline points="1247,791 2535,784"/>
        <TextEquiv conf="0.9837913485460503">
          <Unicode>Piaux fumx dist lapostole et abes estrisant</Unicode>
        </TextEquiv>
      </TextLine>

      
      
      <TextLine id="eSc_line_9beb2e54" custom="structure {type:default;}">
        <Coords points="1254,867 1283,883 1286,883 1288,883 1352,869 1369,883 1371,883 1373,883 1375,885 1596,885 1596,883 1599,883 1601,883 1619,867 1656,883 1658,883 1661,883 1663,883 1716,867 1751,883 1753,883 1755,885 1863,885 1863,883 1866,883 1868,883 1893,867 2077,867 2093,880 2093,883 2096,883 2098,883 2100,885 2137,885 2137,883 2139,883 2142,883 2142,880 2158,867 2199,867 2333,883 2335,883 2337,883 2372,869 2574,878 2577,878 2634,864 2634,848 2634,818 2560,804 2558,804 2556,804 2524,816 2508,802 2508,800 2505,800 2503,800 2501,800 2498,800 2441,816 2436,816 2434,816 2402,800 2399,800 2397,800 2395,800 2363,814 2358,818 2289,818 2284,814 2271,802 2271,800 2268,800 2266,800 2162,800 2160,800 2158,800 2156,800 2156,802 2144,811 2142,814 2137,811 2119,800 2116,800 2114,800 2112,800 2043,811 2008,818 1856,818 1849,809 1840,802 1840,800 1838,800 1836,800 1785,800 1783,800 1780,800 1751,807 1723,816 1714,807 1707,802 1707,800 1705,800 1702,800 1661,800 1658,800 1656,800 1654,800 1654,802 1647,807 1635,818 1486,818 1449,804 1442,802 1440,802 1438,802 1435,802 1433,802 1431,804 1417,816 1371,804 1369,804 1366,804 1364,804 1362,804 1348,816 1329,802 1327,800 1325,800 1323,800 1320,800 1318,800 1311,802 1281,816 1258,802 1254,848 1254,867"/>
        <Baseline points="1254,848 2634,848"/>
        <TextEquiv conf="0.9972416024941665">
          <Unicode>une lectre uriefment et ie bray liurant</Unicode>
        </TextEquiv>
      </TextLine>

      
      
      <TextLine id="eSc_line_e4a6472d" custom="structure {type:default;}">
        <Coords points="1256,924 1260,945 1274,931 1293,942 1295,945 1297,945 1300,945 1302,945 1313,942 1357,933 1380,942 1387,945 1389,945 1392,945 1394,945 1396,945 1401,942 1417,931 1433,942 1438,945 1440,945 1442,945 1445,945 1502,940 1619,931 1665,938 1702,945 1705,945 1744,938 1771,933 1838,936 1948,942 1951,942 1953,942 1955,942 1967,936 1974,931 1994,936 2047,945 2050,945 2052,945 2075,933 2082,931 2165,933 2537,942 2540,942 2542,942 2590,926 2590,915 2583,864 2535,876 2376,867 2342,864 2340,864 2337,864 2333,867 2305,878 2248,867 2241,867 2238,867 2231,867 2179,878 2070,869 2038,867 2036,867 2013,869 1948,878 1863,871 1808,867 1806,867 1803,867 1801,867 1794,871 1783,878 1769,871 1757,867 1755,867 1753,867 1718,871 1684,878 1654,873 1619,867 1617,867 1615,867 1612,867 1612,869 1606,873 1601,880 1357,880 1350,876 1327,867 1325,867 1323,867 1254,876 1256,924"/>
        <Baseline points="1256,924 1534,915 2590,915"/>
        <TextEquiv conf="0.9700732735487131">
          <Unicode>Don mien auessadier ou ie me uois fiant</Unicode>
        </TextEquiv>
      </TextLine>

      
      
      <TextLine id="eSc_line_01ba2b82" custom="structure {type:default;}">
        <Coords points="1258,972 1258,1002 1270,1009 1272,1009 1274,1009 1277,1009 1302,1000 1325,991 1350,1000 1380,1009 1382,1009 1385,1009 1438,998 1463,993 1470,998 1484,1009 1486,1009 1488,1009 1491,1009 1546,998 1557,995 1562,998 1585,1009 1587,1009 1589,1011 1725,1011 1725,1009 1728,1009 1764,995 1774,991 2038,991 2043,993 2057,1005 2057,1007 2059,1007 2061,1007 2063,1007 2066,1007 2091,993 2098,991 2158,991 2192,993 2445,1009 2448,1009 2450,1009 2494,993 2577,1005 2579,1005 2581,1005 2611,988 2611,972 2611,938 2089,924 2086,924 2084,924 2059,931 2045,936 2031,931 2015,924 2013,924 2011,924 1981,931 1955,936 1925,931 1893,924 1891,924 1889,924 1875,929 1856,936 1820,929 1792,924 1790,924 1725,929 1606,936 1585,926 1578,924 1576,924 1573,924 1571,924 1569,924 1566,926 1553,938 1431,938 1366,924 1359,924 1357,924 1355,924 1352,924 1318,936 1258,924 1258,972"/>
        <Baseline points="1258,972 2611,972"/>
        <TextEquiv conf="0.9832453387124198">
          <Unicode>ꝓchieux le portera droit a londres ledrant</Unicode>
        </TextEquiv>
      </TextLine>

      
      
      <TextLine id="eSc_line_4abe8393" custom="structure {type:default;}">
        <Coords points="1260,1030 1260,1048 1300,1064 1302,1064 1304,1064 1306,1064 1348,1051 1428,1064 1431,1064 1539,1051 1548,1051 1592,1051 1606,1062 1606,1064 1608,1064 1610,1064 1612,1067 1884,1067 1884,1064 1886,1064 1909,1053 1914,1051 1939,1053 2024,1062 2027,1062 2105,1053 2139,1051 2151,1053 2179,1064 2181,1064 2183,1064 2185,1064 2213,1055 2227,1051 2238,1055 2268,1064 2271,1064 2273,1064 2567,1055 2567,1030 2567,993 2485,982 2482,982 2480,982 2459,991 2448,995 2434,991 2413,984 2411,984 2409,984 2335,991 2280,995 2273,991 2264,982 2261,982 2259,982 2185,982 2183,982 2181,982 2162,988 2153,993 2126,988 2077,982 2075,982 2034,988 2001,993 1976,988 1951,982 1948,982 1946,982 1916,988 1875,995 1826,986 1794,982 1792,982 1790,982 1787,982 1783,986 1769,998 1461,998 1421,984 1412,982 1410,982 1408,982 1405,982 1396,984 1350,995 1334,984 1334,982 1332,982 1329,982 1327,982 1260,982 1260,1030"/>
        <Baseline points="1260,1030 2567,1030"/>
        <TextEquiv conf="0.9926705528528262">
          <Unicode>Et nous sara adide be certain couuenant</Unicode>
        </TextEquiv>
      </TextLine>

      
      
      <TextLine id="eSc_line_c8264ad5" custom="structure {type:default;}">
        <Coords points="1256,1087 1256,1108 2135,1120 2137,1120 2204,1106 2208,1106 2526,1106 2528,1083 2521,1053 1254,1055 1256,1087"/>
        <Baseline points="1256,1087 1944,1094 2528,1083"/>
        <TextEquiv conf="0.9933812038318531">
          <Unicode>Oelame le roune que uo corpeaine tant</Unicode>
        </TextEquiv>
      </TextLine>

      
      
      <TextLine id="eSc_line_e2f4fcff" custom="structure {type:default;}">
        <Coords points="1258,1150 1258,1184 1341,1166 1465,1175 1468,1175 1470,1175 1472,1175 1486,1163 1541,1175 1543,1175 1698,1163 1711,1173 1714,1177 1716,1177 1718,1177 1721,1179 1912,1179 1912,1177 1914,1177 1916,1177 1930,1168 1944,1159 1960,1168 1976,1175 1978,1175 1981,1175 1983,1175 2008,1166 2029,1159 2047,1166 2075,1175 2077,1175 2080,1177 2169,1177 2169,1175 2261,1159 2284,1156 2298,1159 2363,1173 2365,1173 2512,1159 2549,1170 2551,1170 2554,1170 2556,1170 2627,1150 2627,1136 2623,1094 2326,1092 2323,1092 2321,1092 2314,1094 2296,1104 2245,1097 2218,1092 2215,1092 2213,1092 2204,1097 2190,1104 2160,1097 2151,1094 2149,1094 2146,1094 2144,1094 2142,1094 2139,1097 2128,1106 2084,1097 2077,1097 2075,1097 2061,1097 1937,1108 1728,1099 1700,1099 1698,1099 1695,1099 1693,1099 1654,1110 1543,1101 1516,1099 1514,1099 1511,1099 1507,1101 1477,1113 1256,1104 1258,1150"/>
        <Baseline points="1258,1150 2627,1136"/>
        <TextEquiv conf="0.995656665075909">
          <Unicode>Et manderons au conte de clochestre le grant</Unicode>
        </TextEquiv>
      </TextLine>

      
      
      <TextLine id="eSc_line_1da96ad0" custom="structure {type:default;}">
        <Coords points="1254,1209 1254,1228 2620,1228 2620,1202 2616,1173 2303,1173 2298,1170 2248,1156 2245,1156 2243,1156 2156,1170 2135,1173 2121,1170 2082,1159 2080,1159 2013,1159 2011,1159 2008,1159 2006,1159 1992,1170 1988,1173 1981,1170 1958,1159 1955,1159 1953,1159 1951,1159 1925,1168 1916,1173 1909,1168 1889,1159 1886,1159 1884,1159 1882,1159 1852,1168 1838,1173 1815,1168 1769,1161 1767,1161 1764,1161 1762,1161 1753,1168 1748,1173 1734,1168 1711,1161 1709,1161 1707,1161 1633,1168 1560,1177 1511,1177 1502,1168 1495,1161 1493,1161 1491,1161 1488,1161 1454,1168 1412,1175 1251,1168 1254,1209"/>
        <Baseline points="1254,1209 2620,1202"/>
        <TextEquiv conf="0.9894619438706375">
          <Unicode>Qui est en uo pais le lieu de uous tenant</Unicode>
        </TextEquiv>
      </TextLine>

      
      
      <TextLine id="eSc_line_6493a8b6" custom="structure {type:default;}">
        <Coords points="2871,1228 2791,1228 2777,1216 2756,1216 2742,1216 2724,1228 2719,1230 2443,1230 2441,1228 2363,1214 2360,1214 2358,1214 2323,1228 2287,1214 2284,1214 2282,1214 2218,1230 2213,1230 2211,1230 2181,1214 2179,1214 2077,1214 2075,1214 2073,1214 2070,1214 2045,1230 2013,1214 2011,1214 2008,1214 2006,1214 1944,1230 1921,1216 1919,1216 1916,1216 1914,1216 1912,1216 1877,1230 1872,1232 1866,1232 1810,1216 1808,1216 1806,1216 1803,1216 1801,1216 1780,1230 1652,1221 1649,1221 1583,1232 1564,1235 1541,1232 1417,1219 1415,1219 1412,1219 1378,1232 1373,1235 1366,1235 1309,1219 1306,1219 1304,1219 1302,1219 1260,1232 1263,1276 1263,1301 1339,1292 1380,1301 1394,1304 1396,1304 1398,1304 1403,1301 1426,1290 1645,1299 1698,1301 1700,1301 1702,1301 1705,1301 1707,1299 1721,1288 1866,1299 1921,1301 1923,1301 1951,1297 2024,1285 2236,1285 2294,1294 2319,1299 2321,1299 2346,1294 2395,1285 2422,1294 2429,1297 2432,1297 2434,1297 2478,1294 2609,1283 2627,1292 2636,1297 2639,1297 2641,1297 2894,1290 2896,1265 2894,1262 2871,1228"/>
        <Baseline points="1263,1276 2008,1262 2896,1265"/>
        <TextEquiv conf="0.9937250588802581">
          <Unicode>Qul dous gart uo moullier clame ocorps uaillant</Unicode>
        </TextEquiv>
      </TextLine>

      
      
      <TextLine id="eSc_line_41596bae" custom="structure {type:default;}">
        <Coords points="1274,1338 1274,1352 1329,1366 1332,1366 1334,1366 1336,1366 1357,1352 1359,1352 1373,1352 1612,1361 1615,1361 1617,1361 1645,1347 1654,1345 1670,1347 1728,1359 1730,1359 1822,1345 1866,1340 1900,1345 1958,1354 1960,1354 2027,1343 2075,1336 2084,1343 2093,1350 2096,1350 2098,1350 2100,1350 2144,1343 2192,1334 2250,1334 2261,1340 2268,1347 2271,1347 2273,1347 2275,1347 2349,1340 2429,1331 2448,1338 2459,1343 2462,1343 2464,1343 2574,1336 2577,1317 2574,1276 1969,1271 1967,1271 1965,1271 1937,1281 1916,1288 1898,1281 1877,1274 1875,1274 1872,1274 1838,1281 1799,1290 1762,1283 1732,1276 1730,1276 1728,1276 1714,1283 1691,1292 1624,1283 1599,1281 1596,1281 1594,1281 1585,1283 1555,1294 1534,1285 1527,1281 1525,1281 1523,1281 1520,1281 1518,1281 1514,1285 1497,1297 1477,1285 1472,1283 1470,1283 1468,1283 1449,1285 1369,1297 1272,1288 1274,1338"/>
        <Baseline points="1274,1338 2130,1315 2577,1317"/>
        <TextEquiv conf="0.9880352575670589">
          <Unicode>Et ies fache liõnerer asses plus que deuant</Unicode>
        </TextEquiv>
      </TextLine>

      
      
      <TextLine id="eSc_line_297f2dbe" custom="structure {type:default;}">
        <Coords points="2402,1317 2399,1317 2356,1331 2340,1338 2105,1343 2091,1336 2073,1327 2070,1327 2068,1327 2066,1327 2022,1338 1988,1347 1958,1340 1935,1334 1932,1334 1930,1334 1928,1334 1898,1340 1875,1347 1866,1340 1859,1334 1856,1334 1854,1334 1852,1334 1774,1336 1771,1336 1769,1336 1769,1338 1762,1343 1755,1350 1732,1345 1705,1338 1702,1338 1668,1345 1617,1357 1594,1347 1583,1343 1580,1343 1578,1343 1576,1343 1573,1343 1573,1345 1569,1347 1555,1361 1516,1347 1511,1347 1509,1347 1507,1347 1493,1350 1401,1366 1369,1352 1366,1352 1364,1352 1277,1352 1279,1405 1279,1446 1369,1430 1403,1442 1408,1442 1410,1442 1412,1442 1415,1442 1417,1442 1417,1439 1433,1423 1497,1435 1509,1437 1511,1437 1514,1437 1516,1437 1518,1435 1541,1416 1583,1432 1594,1435 1596,1435 1599,1435 1601,1435 1603,1435 1610,1430 1642,1412 1675,1423 1677,1423 1679,1423 1682,1423 1716,1409 1737,1423 1739,1426 1741,1426 1744,1426 1746,1426 1748,1426 1755,1423 1787,1405 1833,1416 1836,1416 1838,1416 1840,1416 1843,1416 1843,1414 1845,1414 1852,1403 1912,1414 1916,1414 1919,1414 1921,1414 1923,1414 1923,1412 1925,1412 1935,1400 2004,1409 2027,1412 2029,1412 2031,1412 2040,1407 2061,1396 2080,1405 2098,1414 2100,1414 2103,1414 2213,1403 2340,1412 2342,1412 2344,1412 2346,1412 2374,1391 2390,1400 2393,1400 2395,1400 2397,1400 2420,1389 2429,1382 2558,1380 2560,1363 2556,1329 2404,1317 2402,1317"/>
        <Baseline points="1279,1405 2560,1363"/>
        <TextEquiv conf="0.9876672256560552">
          <Unicode>suy et se portere bien les uoiston gardant</Unicode>
        </TextEquiv>
      </TextLine>

      
      
      <TextLine id="eSc_line_91624af5" custom="structure {type:default;}">
        <Coords points="1270,1478 1272,1513 1306,1501 1405,1506 1419,1506 1421,1506 1424,1506 1426,1506 1426,1504 1442,1490 1479,1501 1484,1504 1486,1504 1488,1504 1507,1501 1599,1483 1658,1492 1675,1494 1677,1494 1679,1494 1682,1494 1682,1492 1684,1492 1693,1481 1769,1488 1790,1488 1792,1488 1815,1485 1884,1472 1905,1478 1919,1485 1921,1485 1923,1485 1925,1485 1953,1476 1988,1467 2103,1469 2245,1472 2248,1472 2250,1472 2252,1472 2252,1469 2264,1460 2273,1469 2275,1469 2277,1469 2280,1469 2413,1465 2416,1465 2418,1465 2418,1462 2429,1451 2434,1446 2485,1446 2489,1449 2505,1460 2508,1460 2510,1460 2512,1460 2632,1439 2632,1421 2627,1386 2439,1393 2425,1391 2363,1382 2360,1382 2358,1382 2356,1382 2340,1396 2337,1398 2333,1396 2312,1386 2310,1386 2307,1386 2259,1398 2236,1403 2195,1400 2109,1393 2107,1393 2105,1393 2103,1393 2091,1403 2086,1407 2080,1405 2063,1398 2061,1398 2059,1398 2057,1398 2027,1405 2001,1412 1946,1407 1863,1403 1861,1403 1780,1414 1698,1426 1668,1419 1647,1412 1645,1412 1642,1412 1640,1412 1619,1419 1587,1432 1267,1432 1270,1478"/>
        <Baseline points="1270,1478 2632,1421"/>
        <TextEquiv conf="0.9919905634813531">
          <Unicode>iusqua tant que de la uous yres pi reparant</Unicode>
        </TextEquiv>
      </TextLine>

      
      
      <TextLine id="eSc_line_71533804" custom="structure {type:default;}">
        <Coords points="1272,1540 1272,1570 1647,1543 1677,1552 1688,1557 1691,1557 1693,1557 1695,1557 1718,1550 1767,1538 1797,1547 1815,1552 1817,1552 1820,1552 1822,1552 1824,1552 1831,1545 1845,1536 1877,1543 1895,1545 1898,1545 1900,1545 1919,1540 1951,1531 1983,1536 2017,1543 2020,1543 2105,1531 2151,1524 2165,1527 2192,1536 2195,1536 2197,1536 2199,1536 2202,1536 2218,1524 2222,1522 2238,1524 2312,1534 2314,1534 2317,1534 2353,1517 2356,1517 2360,1517 2434,1529 2436,1529 2560,1506 2560,1492 2556,1458 2383,1451 2381,1451 2146,1469 2132,1458 2132,1455 2130,1455 2128,1455 2126,1455 2070,1458 2068,1458 2066,1458 2066,1460 2050,1474 1944,1462 1942,1462 1939,1462 1902,1478 1698,1472 1695,1472 1693,1472 1665,1485 1615,1476 1612,1476 1610,1476 1569,1492 1566,1494 1445,1497 1442,1497 1431,1485 1428,1485 1426,1485 1424,1485 1421,1485 1371,1499 1369,1499 1366,1499 1302,1488 1300,1488 1297,1488 1267,1499 1272,1540"/>
        <Baseline points="1272,1540 2560,1492"/>
        <TextEquiv conf="0.9785933806137606">
          <Unicode>Et ly rois Respondy uoul ales bien di disant</Unicode>
        </TextEquiv>
      </TextLine>

      
      
      <TextLine id="eSc_line_76c5a2ba" custom="structure {type:default;}">
        <Coords points="1249,1609 1249,1628 1302,1642 1304,1642 1474,1623 1691,1626 1693,1626 1695,1626 1698,1626 1698,1623 1700,1623 1709,1612 1721,1619 1723,1619 1725,1619 1728,1619 1730,1619 1753,1607 1760,1603 1919,1600 1925,1600 1969,1614 1971,1614 1974,1614 1976,1614 2043,1596 2057,1593 2089,1593 2234,1603 2236,1603 2238,1603 2241,1603 2259,1589 2485,1577 2487,1563 2480,1524 1847,1531 1845,1531 1810,1540 1769,1552 1677,1545 1626,1540 1624,1540 1622,1540 1606,1545 1566,1561 1456,1550 1445,1550 1442,1550 1440,1550 1438,1550 1398,1568 1247,1557 1249,1609"/>
        <Baseline points="1249,1609 1497,1607 2013,1573 2487,1563"/>
        <TextEquiv conf="0.9850622277993423">
          <Unicode>une lettre fist fare le pape maintenant</Unicode>
        </TextEquiv>
      </TextLine>

      
      
      <TextLine id="eSc_line_fd12bc92" custom="structure {type:default;}">
        <Coords points="1256,1685 1256,1711 1463,1711 1465,1711 1502,1697 1530,1688 1548,1695 1564,1701 1566,1701 1569,1701 1571,1701 1615,1690 1649,1681 1670,1685 1707,1697 1709,1697 1711,1697 1714,1697 1744,1681 1757,1674 1780,1678 1829,1690 1831,1690 1928,1669 1962,1662 1988,1665 2066,1676 2068,1676 2070,1676 2073,1676 2073,1674 2089,1658 2091,1655 2112,1658 2169,1662 2172,1662 2174,1662 2204,1651 2211,1649 2236,1649 2393,1655 2395,1655 2397,1655 2468,1632 2468,1621 2462,1580 2287,1589 2284,1589 2257,1575 2254,1575 2252,1575 2250,1575 2197,1593 2192,1593 2190,1593 2142,1580 2139,1580 2137,1580 2135,1580 2132,1580 2132,1582 2130,1582 2119,1596 2119,1598 2103,1598 1990,1591 1988,1591 1985,1591 1948,1605 1946,1607 1944,1607 1921,1591 1919,1591 1916,1591 1914,1591 1783,1612 1707,1603 1705,1603 1702,1603 1700,1603 1677,1621 1672,1621 1638,1614 1635,1614 1633,1614 1631,1614 1631,1616 1622,1623 1619,1626 1606,1623 1555,1619 1553,1619 1550,1619 1523,1628 1516,1630 1511,1630 1463,1616 1461,1616 1458,1616 1456,1616 1454,1616 1435,1632 1392,1621 1389,1621 1387,1621 1385,1621 1352,1637 1348,1639 1343,1639 1297,1626 1295,1626 1293,1626 1290,1626 1251,1639 1256,1685"/>
        <Baseline points="1256,1685 1935,1637 2468,1621"/>
        <TextEquiv conf="0.9848385337326262">
          <Unicode>Eusy qu deisre sy que iay dit deuant</Unicode>
        </TextEquiv>
      </TextLine>

      
      
      <TextLine id="eSc_line_ac1cee40" custom="structure {type:default;}">
        <Coords points="1270,1750 1270,1766 1382,1764 1421,1777 1424,1777 1426,1777 1428,1777 1500,1757 1507,1754 1523,1754 1642,1761 1645,1761 1647,1761 1649,1761 1649,1759 1665,1745 1668,1745 1675,1745 1737,1752 1739,1752 1741,1752 1774,1741 1797,1754 1799,1754 1801,1754 1803,1754 1806,1754 1808,1754 1822,1741 1849,1752 1852,1752 1854,1752 1988,1734 2052,1741 2054,1741 2123,1736 2126,1736 2128,1736 2128,1734 2130,1734 2139,1720 2167,1734 2169,1734 2172,1734 2174,1734 2176,1734 2208,1713 2211,1713 2245,1729 2248,1729 2250,1729 2252,1729 2254,1729 2287,1708 2289,1708 2291,1708 2319,1718 2321,1718 2323,1718 2420,1706 2439,1718 2441,1718 2443,1718 2445,1718 2600,1690 2600,1672 2593,1637 2549,1637 2533,1623 2531,1623 2528,1623 2526,1623 2524,1623 2441,1644 2250,1639 2248,1639 2245,1639 2195,1653 2176,1644 2174,1644 2172,1644 2169,1644 2167,1644 2167,1646 2165,1646 2158,1655 2135,1646 2132,1646 2130,1646 2011,1669 1978,1655 1976,1655 1974,1655 1971,1655 1916,1674 1863,1662 1861,1662 1859,1662 1856,1662 1856,1665 1840,1678 1813,1669 1810,1669 1808,1669 1806,1669 1776,1685 1764,1685 1656,1690 1633,1676 1631,1676 1629,1676 1626,1676 1624,1676 1583,1695 1560,1685 1557,1685 1555,1685 1389,1706 1313,1695 1311,1695 1309,1695 1265,1711 1270,1750"/>
        <Baseline points="1270,1750 2600,1672"/>
        <TextEquiv conf="0.9783622840555702">
          <Unicode>Et quant ly urirs fu fait ly papekeioiant</Unicode>
        </TextEquiv>
      </TextLine>

      
      
      <TextLine id="eSc_line_9015245a" custom="structure {type:default;}">
        <Coords points="1447,1803 1449,1837 1486,1837 1486,1835 1488,1835 1491,1835 1491,1833 1493,1833 1504,1816 1596,1828 1608,1828 1610,1828 1624,1826 1721,1805 1856,1810 1859,1810 1861,1810 1898,1796 1944,1807 1955,1810 1958,1810 1960,1810 2063,1805 2066,1805 2082,1798 2121,1784 2206,1784 2213,1791 2218,1793 2218,1796 2220,1796 2222,1796 2225,1796 2330,1784 2441,1773 2450,1777 2455,1782 2457,1782 2459,1782 2462,1782 2464,1782 2466,1782 2473,1777 2485,1766 2521,1773 2524,1747 2517,1697 2427,1715 2358,1706 2356,1706 2353,1706 2351,1706 2335,1722 2190,1727 2169,1715 2167,1713 2165,1713 2162,1713 2160,1713 2158,1713 2146,1718 2114,1731 2050,1722 2038,1722 2036,1722 2034,1722 2031,1722 2031,1724 2015,1736 1994,1727 1992,1727 1990,1727 1985,1727 1891,1743 1847,1734 1829,1731 1826,1731 1797,1738 1741,1750 1721,1743 1716,1741 1714,1741 1711,1741 1709,1741 1700,1743 1663,1754 1642,1745 1626,1741 1624,1741 1622,1741 1442,1757 1447,1803"/>
        <Baseline points="1447,1803 2524,1747"/>
        <TextEquiv conf="0.9861653362001691">
          <Unicode>sy haultement au auyle ua moustrant</Unicode>
        </TextEquiv>
      </TextLine>

      
      
      <TextLine id="eSc_line_f842ca49" custom="structure {type:default;}">
        <Coords points="1260,1883 1260,1908 1589,1883 1622,1890 1640,1892 1642,1892 1645,1892 1663,1885 1693,1876 1718,1883 1730,1885 1732,1885 1734,1885 1737,1885 1748,1881 1774,1872 1794,1879 1810,1883 1813,1883 1815,1883 1859,1874 1900,1865 1919,1869 1937,1876 1939,1876 1942,1876 1992,1865 2029,1858 2077,1860 2153,1865 2156,1865 2215,1851 2238,1846 2250,1849 2275,1858 2277,1858 2280,1858 2452,1849 2535,1830 2537,1814 2533,1777 2404,1766 2402,1766 2399,1766 2397,1766 2397,1768 2379,1784 2376,1784 2266,1773 2264,1773 2261,1773 2181,1796 2176,1796 2172,1796 2082,1784 2080,1784 2077,1784 2075,1784 2047,1803 1983,1789 1981,1789 1877,1812 1875,1812 1820,1798 1817,1798 1815,1798 1711,1803 1709,1803 1707,1803 1684,1816 1585,1810 1583,1810 1580,1810 1495,1833 1493,1833 1274,1833 1272,1833 1270,1833 1267,1833 1256,1839 1260,1883"/>
        <Baseline points="1260,1883 2537,1814"/>
        <TextEquiv conf="0.9861699996924982">
          <Unicode>A dont le ua ly roisz donchement saielant</Unicode>
        </TextEquiv>
      </TextLine>

      
      
      <TextLine id="eSc_line_71ab7763" custom="structure {type:default;}">
        <Coords points="1286,1938 1286,1971 1774,1931 1988,1927 1997,1931 2008,1938 2011,1938 2013,1938 2015,1938 2017,1938 2050,1927 2063,1922 2068,1927 2075,1931 2075,1934 2077,1934 2080,1934 2082,1934 2084,1934 2114,1925 2130,1918 2139,1922 2153,1931 2156,1931 2158,1931 2160,1931 2162,1931 2165,1931 2165,1929 2167,1929 2174,1920 2179,1915 2183,1920 2206,1929 2208,1929 2211,1929 2312,1913 2353,1922 2356,1922 2358,1922 2457,1902 2457,1883 2452,1835 2356,1853 2330,1842 2328,1842 2326,1842 2254,1858 2195,1846 2183,1846 2181,1846 2179,1846 2167,1849 2109,1867 2013,1869 1985,1858 1976,1856 1974,1856 1971,1856 1969,1856 1955,1860 1914,1874 1886,1865 1875,1860 1872,1860 1870,1860 1868,1860 1859,1865 1838,1876 1797,1869 1771,1865 1769,1865 1682,1869 1679,1869 1677,1869 1677,1872 1675,1872 1672,1874 1663,1885 1583,1881 1553,1879 1550,1879 1548,1879 1546,1879 1543,1881 1532,1892 1281,1895 1286,1938"/>
        <Baseline points="1286,1938 2457,1883"/>
        <TextEquiv conf="0.9638576169271726">
          <Unicode>Et ly papes le ua aun romain uaillant</Unicode>
        </TextEquiv>
      </TextLine>

      
      
      <TextLine id="eSc_line_8d7efe05" custom="structure {type:default;}">
        <Coords points="2560,1904 2521,1892 2519,1892 2517,1892 2422,1911 2243,1906 2241,1906 2238,1906 2185,1922 2034,1920 2031,1920 2029,1920 2006,1931 1967,1920 1965,1920 1962,1920 1960,1920 1914,1936 1780,1929 1778,1929 1776,1929 1774,1929 1755,1943 1642,1936 1640,1936 1638,1936 1587,1952 1553,1941 1550,1941 1548,1941 1405,1961 1369,1950 1366,1950 1364,1950 1270,1968 1272,2000 1272,2019 1732,2014 1734,2014 1780,1996 1785,1996 1792,1996 1870,2007 1872,2007 2040,1984 2059,1982 2068,1982 2128,1991 2130,1991 2132,1991 2167,1980 2190,1991 2192,1991 2195,1991 2399,1980 2402,1980 2404,1980 2420,1966 2496,1975 2498,1975 2501,1975 2565,1957 2565,1936 2563,1913 2560,1904"/>
        <Baseline points="1272,2000 2565,1936"/>
        <TextEquiv conf="0.9796078377299838">
          <Unicode>nauoit tel ni sagier ou mout ne plusz courant</Unicode>
        </TextEquiv>
      </TextLine>

      
      
      <TextLine id="eSc_line_0affe8b1" custom="structure {type:default;}">
        <Coords points="1274,2065 1277,2102 1332,2083 1378,2095 1380,2095 1382,2095 1385,2095 1465,2076 1502,2088 1509,2090 1511,2090 1514,2090 1516,2090 1527,2086 1560,2074 1576,2083 1578,2086 1580,2086 1583,2086 1585,2086 1751,2079 1753,2079 1755,2079 1762,2072 1771,2065 1780,2070 1783,2074 1785,2074 1787,2074 1790,2074 1877,2072 1879,2072 1882,2072 1891,2063 1898,2058 1909,2063 1928,2070 1930,2070 1932,2070 1935,2070 1937,2070 1937,2067 1944,2060 1953,2051 1971,2058 1983,2063 1985,2063 1988,2063 1990,2063 1992,2063 2001,2056 2017,2046 2139,2042 2167,2046 2227,2056 2229,2056 2231,2056 2268,2040 2280,2035 2312,2037 2383,2042 2386,2042 2468,2026 2468,2007 2464,1966 2367,1977 2328,1971 2289,1964 2287,1964 2284,1964 2282,1964 2282,1966 2273,1973 2271,1977 2264,1973 2250,1966 2248,1966 2245,1966 2243,1966 2241,1966 2241,1968 2231,1975 2220,1984 2174,1977 2135,1971 2132,1971 2130,1971 2128,1971 2128,1973 2121,1980 2112,1987 2103,1980 2096,1973 2093,1973 2091,1973 2089,1973 2040,1975 2038,1975 2036,1975 2036,1977 2029,1982 2020,1996 1985,1996 1958,1984 1944,1980 1942,1980 1939,1980 1905,1987 1840,2005 1555,2017 1532,2007 1530,2007 1527,2007 1525,2007 1523,2007 1507,2019 1474,2005 1468,2003 1465,2003 1463,2003 1445,2005 1357,2026 1329,2010 1327,2010 1325,2010 1323,2010 1270,2012 1274,2065"/>
        <Baseline points="1274,2065 2468,2007"/>
        <TextEquiv conf="0.9785785300787105">
          <Unicode>ly rois sen mesacier ln ua le briof liurant</Unicode>
        </TextEquiv>
      </TextLine>

      
      
      <TextLine id="eSc_line_25af19b7" custom="structure {type:default;}">
        <Coords points="1258,2127 1258,2157 1350,2143 1479,2148 1486,2148 1488,2148 1491,2148 1525,2132 1649,2139 1711,2143 1714,2143 1872,2136 1875,2136 1893,2127 1909,2118 2011,2120 2086,2122 2089,2122 2144,2113 2176,2109 2181,2111 2197,2125 2199,2125 2202,2125 2204,2125 2206,2125 2208,2125 2229,2109 2234,2106 2241,2109 2273,2120 2275,2120 2277,2120 2280,2120 2282,2120 2300,2106 2300,2104 2434,2097 2434,2081 2432,2049 2402,2035 2399,2035 2397,2035 2395,2035 2349,2051 2344,2051 2342,2051 2287,2035 2284,2035 2282,2035 2280,2035 2241,2051 2227,2037 2225,2037 2222,2037 2220,2037 2128,2053 2112,2042 2109,2042 2107,2042 2105,2042 2103,2042 2061,2053 1958,2046 1955,2046 1953,2046 1905,2063 1891,2067 1879,2063 1852,2051 1849,2051 1847,2051 1845,2051 1808,2065 1806,2065 1803,2065 1760,2056 1757,2056 1755,2056 1753,2056 1737,2067 1730,2072 1716,2067 1686,2058 1684,2058 1682,2058 1679,2058 1640,2070 1617,2076 1599,2070 1571,2060 1569,2060 1566,2060 1564,2060 1562,2060 1562,2063 1550,2072 1541,2081 1256,2081 1258,2127"/>
        <Baseline points="1258,2127 1847,2109 2112,2086 2434,2081"/>
        <TextEquiv conf="0.9646224838036758">
          <Unicode>Qu onte de clochestre les aloitcimoiant</Unicode>
        </TextEquiv>
      </TextLine>

      
      
      <TextLine id="eSc_line_308e3101" custom="structure {type:default;}">
        <Coords points="1288,2191 1288,2219 1316,2226 1318,2226 1320,2226 1323,2226 1334,2217 1336,2214 1341,2217 1348,2224 1350,2224 1352,2224 1355,2224 1357,2224 1375,2214 1389,2205 1401,2212 1412,2221 1415,2221 1417,2221 1419,2221 1421,2221 1445,2210 1465,2201 1479,2208 1500,2217 1502,2217 1504,2217 1585,2212 1587,2212 1589,2212 1603,2201 1615,2191 1633,2198 1652,2205 1654,2205 1656,2205 1658,2205 1682,2196 1700,2187 1739,2191 1810,2201 1813,2201 1815,2201 1872,2182 1902,2175 1925,2180 1985,2191 1988,2191 1990,2191 2036,2173 2050,2168 2068,2171 2142,2182 2144,2182 2146,2182 2149,2182 2179,2164 2183,2162 2190,2164 2225,2175 2227,2175 2229,2175 2231,2175 2234,2175 2234,2173 2248,2159 2252,2157 2275,2157 2365,2164 2367,2164 2369,2164 2372,2164 2372,2162 2374,2162 2381,2152 2383,2150 2422,2150 2425,2132 2420,2093 2323,2102 2314,2097 2307,2090 2305,2090 2303,2090 2300,2090 2298,2090 2296,2090 2296,2093 2294,2093 2291,2097 2284,2104 2250,2099 2213,2095 2211,2095 2208,2095 2206,2095 2206,2097 2204,2097 2202,2102 2195,2109 2130,2104 2073,2102 2070,2102 2068,2102 2066,2102 2059,2109 2047,2116 1990,2111 1942,2109 1939,2109 1937,2109 1921,2116 1893,2127 1677,2136 1580,2132 1548,2129 1546,2129 1543,2129 1534,2132 1500,2145 1435,2136 1421,2136 1419,2136 1417,2136 1410,2139 1369,2152 1283,2145 1288,2191"/>
        <Baseline points="1288,2191 2425,2132"/>
        <TextEquiv conf="0.9945334745080847">
          <Unicode>Et par grant amiste il ly aloit priant</Unicode>
        </TextEquiv>
      </TextLine>

      
      
      <TextLine id="eSc_line_3685e4ad" custom="structure {type:default;}">
        <Coords points="2533,2141 2337,2141 2335,2141 2333,2141 2303,2157 2300,2157 2275,2145 2273,2145 2271,2145 2268,2145 2229,2162 2176,2152 2174,2152 2172,2152 2139,2166 2130,2157 2128,2157 2126,2157 2123,2157 2121,2157 2119,2157 2103,2171 1852,2178 1849,2178 1847,2178 1847,2180 1836,2189 1762,2182 1760,2182 1757,2182 1730,2198 1725,2198 1714,2198 1578,2196 1576,2196 1573,2196 1571,2196 1571,2198 1569,2198 1562,2210 1560,2212 1465,2217 1463,2217 1412,2208 1410,2208 1408,2208 1378,2224 1375,2224 1371,2224 1316,2214 1313,2214 1311,2214 1258,2231 1263,2267 1263,2297 1313,2300 1316,2300 1318,2300 1332,2293 1362,2277 1488,2279 1514,2279 1516,2279 1518,2279 1520,2279 1523,2277 1537,2265 1569,2272 1601,2279 1603,2279 1606,2279 1629,2267 1649,2258 1709,2260 1803,2265 1806,2265 1808,2265 1870,2247 1905,2237 1923,2242 1937,2247 1939,2247 1942,2247 1944,2247 1946,2247 1955,2240 1965,2235 1969,2240 1992,2251 1994,2251 1997,2251 1999,2251 2043,2235 2054,2247 2057,2247 2059,2247 2061,2247 2063,2247 2066,2247 2096,2228 2103,2224 2121,2226 2156,2231 2158,2231 2160,2231 2183,2221 2190,2217 2195,2219 2220,2233 2222,2233 2225,2233 2413,2221 2544,2189 2544,2178 2540,2145 2533,2141"/>
        <Baseline points="1263,2267 2066,2205 2544,2178"/>
        <TextEquiv conf="0.9814751729369163">
          <Unicode>De fame ly gardast ne pour dor senpesant</Unicode>
        </TextEquiv>
      </TextLine>

      
      
      <TextLine id="eSc_line_899c07e1" custom="structure {type:default;}">
        <Coords points="1272,2320 1272,2348 1348,2339 1362,2346 1375,2352 1378,2352 1380,2352 1382,2352 1385,2352 1396,2343 1410,2334 1442,2341 1474,2348 1477,2348 1479,2348 1481,2348 1493,2339 1511,2327 1635,2329 1767,2334 1769,2334 1771,2334 1774,2334 1792,2323 1799,2318 1808,2320 1833,2329 1836,2329 1838,2329 1840,2329 1866,2318 1886,2309 1948,2309 1958,2313 1974,2320 1976,2320 1978,2320 1981,2320 2015,2309 2038,2302 2050,2306 2066,2316 2068,2316 2070,2316 2073,2316 2103,2304 2121,2295 2211,2293 2220,2297 2234,2306 2236,2306 2238,2306 2241,2306 2243,2306 2273,2295 2284,2290 2296,2293 2335,2304 2337,2304 2340,2304 2496,2283 2588,2295 2590,2295 2731,2267 2731,2249 2717,2214 2593,2205 2590,2205 2588,2205 2540,2224 2510,2210 2508,2210 2505,2210 2503,2210 2501,2210 2482,2226 2462,2214 2459,2214 2457,2214 2328,2233 2310,2219 2307,2219 2305,2219 2303,2219 2300,2219 2257,2237 2254,2237 2215,2224 2213,2224 2211,2224 2162,2226 2160,2226 2158,2226 2158,2228 2139,2242 2128,2242 1836,2242 1833,2242 1831,2242 1829,2242 1829,2244 1813,2258 1810,2258 1808,2258 1753,2247 1751,2247 1748,2247 1746,2247 1723,2263 1721,2263 1711,2263 1647,2251 1645,2251 1642,2251 1606,2267 1603,2267 1592,2267 1468,2260 1465,2260 1463,2260 1461,2260 1440,2274 1435,2279 1359,2281 1352,2279 1332,2267 1329,2267 1327,2267 1325,2267 1267,2281 1272,2320"/>
        <Baseline points="1272,2320 2731,2249"/>
        <TextEquiv conf="0.9829531881544326">
          <Unicode>Il nrly meffesist le moutanche dun grant gant</Unicode>
        </TextEquiv>
      </TextLine>

      
      
      <TextLine id="eSc_line_23d0869a" custom="structure {type:default;}">
        <Coords points="1274,2380 1277,2417 1378,2392 1435,2405 1442,2408 1445,2408 1447,2408 1449,2408 1456,2405 1497,2385 1523,2401 1525,2401 1527,2401 1530,2401 1532,2401 1539,2398 1589,2382 1645,2392 1654,2392 1656,2392 1658,2392 1661,2392 1661,2389 1663,2389 1672,2378 1714,2387 1744,2392 1746,2392 1810,2380 1891,2362 2001,2357 2020,2364 2031,2369 2034,2369 2036,2369 2038,2369 2063,2362 2077,2357 2089,2359 2126,2371 2128,2371 2130,2371 2132,2371 2172,2352 2176,2352 2183,2352 2248,2364 2250,2364 2252,2364 2254,2364 2254,2362 2271,2346 2275,2343 2284,2346 2328,2355 2330,2355 2333,2355 2335,2355 2335,2352 2349,2341 2349,2339 2376,2339 2416,2339 2434,2350 2436,2350 2439,2350 2441,2350 2443,2350 2473,2332 2473,2316 2468,2279 2439,2270 2436,2270 2434,2270 2432,2270 2429,2270 2429,2272 2427,2272 2420,2281 2213,2281 2211,2281 2075,2297 2036,2302 2027,2300 2006,2293 2004,2293 2001,2293 1942,2304 1909,2311 1270,2332 1274,2380"/>
        <Baseline points="1274,2380 2473,2316"/>
        <TextEquiv conf="0.9947049770599756">
          <Unicode>pe che quelle aporte ne meffache noiaie</Unicode>
        </TextEquiv>
      </TextLine>

      
      
      <TextLine id="eSc_line_418714d3" custom="structure {type:default;}">
        <Coords points="1274,2442 1279,2465 1288,2456 1309,2465 1329,2472 1332,2472 1334,2472 1509,2465 1511,2465 1514,2465 1527,2454 1543,2444 1562,2454 1578,2461 1580,2461 1583,2461 1585,2461 1626,2449 1665,2440 1675,2447 1679,2451 1682,2451 1684,2451 1686,2451 1688,2451 1691,2451 1691,2449 1693,2449 1693,2447 1705,2435 1780,2442 1803,2444 1806,2444 1808,2444 1815,2442 1843,2428 1863,2440 1875,2444 1877,2444 1879,2444 2029,2440 2105,2428 2220,2410 2271,2410 2284,2419 2291,2426 2294,2426 2296,2426 2298,2426 2300,2426 2303,2426 2310,2419 2328,2405 2376,2417 2406,2421 2409,2421 2411,2421 2413,2421 2413,2419 2420,2415 2432,2401 2482,2408 2485,2408 2487,2408 2489,2408 2503,2396 2537,2408 2542,2378 2537,2341 2457,2346 2450,2346 2404,2332 2402,2332 2399,2332 2397,2332 2395,2332 2379,2346 2307,2336 2305,2336 2202,2355 2167,2343 2165,2343 2162,2343 2160,2343 2121,2362 2114,2364 2086,2364 1932,2355 1930,2355 1928,2355 1925,2355 1898,2373 1895,2375 1737,2385 1698,2385 1670,2385 1652,2369 1649,2369 1647,2369 1645,2369 1642,2369 1583,2389 1580,2389 1578,2389 1491,2378 1488,2378 1486,2378 1484,2378 1454,2396 1451,2398 1396,2398 1387,2398 1373,2387 1373,2385 1371,2385 1369,2385 1366,2385 1364,2385 1332,2401 1293,2389 1290,2389 1288,2389 1286,2389 1283,2389 1270,2396 1274,2442"/>
        <Baseline points="1274,2442 1969,2412 2294,2382 2542,2378"/>
        <TextEquiv conf="0.9719956403686887">
          <Unicode>Iusque sa reuenue en uoiston bien spensant</Unicode>
        </TextEquiv>
      </TextLine>

      
      
      <TextLine id="eSc_line_e47ba213" custom="structure {type:default;}">
        <Coords points="1283,2511 1286,2546 1415,2525 1509,2530 1546,2530 1548,2530 1550,2530 1553,2530 1557,2525 1576,2509 1741,2495 1790,2507 1792,2507 1794,2507 1797,2507 1799,2507 1806,2504 1866,2488 1891,2497 1905,2504 1907,2504 1909,2504 1912,2504 1937,2495 1953,2488 1965,2493 1988,2502 1990,2502 1992,2502 1994,2502 1997,2502 2011,2488 2022,2479 2040,2486 2066,2495 2068,2495 2070,2495 2073,2495 2132,2479 2137,2479 2142,2479 2273,2486 2275,2486 2277,2486 2280,2486 2307,2465 2314,2461 2326,2463 2349,2470 2351,2470 2353,2470 2356,2470 2358,2470 2374,2461 2376,2458 2379,2458 2413,2474 2416,2474 2418,2474 2420,2474 2471,2454 2521,2461 2524,2461 2526,2461 2581,2442 2581,2426 2574,2382 2462,2405 2388,2408 2360,2394 2358,2394 2356,2394 2353,2394 2351,2394 2342,2396 2294,2410 2250,2403 2248,2403 2245,2403 2243,2403 2225,2417 2144,2408 2123,2408 2121,2408 2052,2412 2050,2412 2047,2412 2045,2415 2027,2428 1994,2419 1990,2417 1988,2417 1985,2417 1983,2417 1981,2417 1978,2419 1958,2433 1925,2424 1919,2421 1916,2421 1914,2421 1912,2421 1909,2421 1907,2424 1886,2440 1767,2442 1751,2433 1744,2431 1741,2431 1739,2431 1612,2440 1610,2440 1608,2440 1603,2442 1585,2456 1555,2447 1553,2447 1550,2447 1543,2447 1472,2465 1279,2465 1283,2511"/>
        <Baseline points="1283,2511 1488,2502 1705,2477 2581,2426"/>
        <TextEquiv conf="0.9928562505678697">
          <Unicode>Ie me sachier rõmain chieux se party deuant</Unicode>
        </TextEquiv>
      </TextLine>

      
      
      <TextLine id="eSc_line_fb303909" custom="structure {type:default;}">
        <Coords points="1277,2571 1277,2592 1580,2587 1583,2587 1585,2587 1585,2585 1587,2585 1594,2576 1615,2585 1617,2585 1619,2585 1725,2578 1728,2578 1764,2564 1767,2564 1776,2564 1879,2569 1882,2569 1884,2569 1919,2555 1925,2553 1955,2553 2086,2555 2089,2555 2091,2555 2139,2541 2149,2539 2165,2539 2257,2546 2259,2546 2429,2523 2452,2520 2464,2520 2558,2527 2560,2527 2563,2527 2630,2509 2630,2500 2623,2458 2404,2461 2402,2461 2386,2470 2379,2472 2365,2470 2321,2463 2319,2463 2241,2477 2199,2484 2165,2481 2084,2472 2082,2472 2080,2472 2077,2472 2057,2486 2047,2493 2011,2488 1939,2479 1937,2479 1935,2479 1932,2479 1912,2493 1909,2493 1907,2493 1787,2488 1785,2488 1783,2488 1780,2488 1760,2502 1744,2511 1711,2504 1675,2495 1672,2495 1596,2500 1594,2500 1592,2500 1576,2511 1553,2525 1272,2525 1277,2571"/>
        <Baseline points="1277,2571 1589,2562 2241,2509 2630,2500"/>
        <TextEquiv conf="0.9840294800021432">
          <Unicode>Ire say que uous alaisseses Iourgres contant</Unicode>
        </TextEquiv>
      </TextLine>

      
      
      <TextLine id="eSc_line_07ca8078" custom="structure {type:default;}">
        <Coords points="1320,2571 1318,2571 1274,2589 1279,2622 1279,2642 1415,2651 1417,2651 1557,2631 1822,2631 1824,2631 1826,2631 1829,2631 1847,2617 1912,2626 1914,2626 2114,2599 2142,2596 2146,2599 2181,2612 2183,2612 2185,2612 2188,2612 2248,2592 2252,2589 2466,2580 2468,2580 2489,2594 2491,2594 2494,2594 2496,2594 2498,2594 2535,2578 2574,2587 2577,2587 2579,2587 2676,2569 2678,2553 2671,2511 2139,2527 2047,2548 2022,2553 2008,2550 1962,2536 1960,2536 1958,2536 1955,2536 1919,2555 1907,2562 1824,2562 1822,2562 1806,2548 1803,2548 1801,2548 1799,2548 1797,2548 1794,2548 1776,2564 1774,2566 1767,2564 1746,2557 1744,2557 1741,2557 1739,2557 1737,2557 1737,2559 1728,2566 1725,2571 1410,2585 1408,2585 1339,2571 1320,2571"/>
        <Baseline points="1279,2622 1771,2608 2271,2564 2678,2553"/>
        <TextEquiv conf="0.968404230746356">
          <Unicode>Car par mut ⁊ par iour a la sy rõmaine tant</Unicode>
        </TextEquiv>
      </TextLine>

      
      
      <TextLine id="eSc_line_ae7abf61" custom="structure {type:default;}">
        <Coords points="1290,2679 1290,2697 1332,2711 1334,2711 1336,2711 1592,2702 1594,2702 1658,2684 1675,2697 1677,2697 1679,2697 1682,2697 1810,2684 1840,2693 1843,2693 1845,2693 1960,2672 1971,2668 2073,2668 2077,2668 2116,2681 2119,2681 2121,2681 2123,2681 2165,2665 2190,2677 2192,2677 2195,2677 2197,2677 2199,2677 2225,2661 2254,2670 2257,2670 2259,2670 2319,2658 2333,2670 2335,2670 2337,2670 2340,2670 2342,2670 2397,2654 2399,2654 2441,2670 2443,2670 2445,2670 2448,2670 2450,2670 2475,2651 2577,2661 2579,2661 2581,2661 2613,2645 2613,2628 2602,2580 2574,2599 2323,2603 2282,2592 2277,2592 2275,2592 2273,2592 2271,2592 2264,2594 2199,2610 2160,2596 2156,2596 2153,2596 2151,2596 2149,2596 2142,2599 2091,2612 1937,2605 1921,2605 1919,2605 1916,2605 1914,2605 1914,2608 1898,2622 1854,2608 1849,2608 1847,2608 1845,2608 1843,2608 1840,2608 1840,2610 1815,2624 1780,2612 1778,2612 1776,2612 1774,2612 1716,2631 1288,2631 1290,2679"/>
        <Baseline points="1290,2679 1656,2672 2057,2645 2613,2628"/>
        <TextEquiv conf="0.997514778791472">
          <Unicode>Que galles rrespassa con ua fraiclie nomant</Unicode>
        </TextEquiv>
      </TextLine>

      
      
      <TextLine id="eSc_line_1e1f5cf8" custom="structure {type:default;}">
        <Coords points="2740,2668 2664,2656 2662,2656 2659,2656 2657,2656 2641,2670 2639,2670 2627,2670 2526,2663 2524,2663 2478,2670 2457,2674 2443,2672 2386,2654 2383,2654 2381,2654 2379,2654 2346,2672 2326,2656 2323,2656 2321,2656 2266,2656 2264,2656 2103,2674 2052,2679 2027,2674 1969,2663 1967,2663 1882,2665 1879,2665 1877,2665 1866,2677 1847,2691 1737,2691 1711,2677 1705,2674 1702,2674 1700,2674 1698,2674 1695,2674 1693,2677 1670,2693 1578,2681 1576,2681 1438,2697 1408,2686 1405,2686 1403,2686 1401,2686 1398,2686 1375,2700 1281,2681 1283,2737 1283,2762 1477,2766 1479,2766 1481,2766 1504,2757 1527,2748 1592,2755 1661,2762 1663,2762 1665,2762 1668,2762 1679,2753 1691,2743 1711,2753 1728,2757 1730,2757 1732,2757 1794,2750 1872,2739 1914,2746 1965,2755 1967,2755 1969,2755 1971,2755 1988,2743 2001,2737 2043,2743 2093,2750 2096,2750 2098,2750 2100,2750 2100,2748 2109,2741 2116,2732 2266,2730 2314,2737 2374,2743 2376,2743 2379,2743 2406,2732 2416,2730 2418,2732 2432,2743 2434,2743 2436,2743 2439,2743 2659,2739 2754,2723 2754,2709 2751,2704 2740,2668"/>
        <Baseline points="1283,2737 2252,2707 2754,2709"/>
        <TextEquiv conf="0.992729437622157">
          <Unicode>Et tout droit uers uoulongne se ua aquemmant</Unicode>
        </TextEquiv>
      </TextLine>

      
      
      <TextLine id="eSc_line_bc5b0e78" custom="structure {type:default;}">
        <Coords points="1295,2840 2537,2789 2537,2769 2533,2734 2418,2720 2416,2720 2231,2739 2222,2739 2220,2739 2181,2727 2179,2727 2176,2727 2174,2727 2126,2741 2098,2748 2075,2741 2043,2732 2040,2732 2038,2732 2036,2732 2034,2732 2020,2743 2011,2750 1983,2743 1953,2737 1951,2737 1948,2737 1946,2737 1925,2743 1900,2757 1635,2762 1622,2750 1619,2750 1617,2750 1615,2750 1610,2750 1539,2766 1442,2753 1428,2753 1426,2753 1424,2753 1417,2755 1355,2773 1293,2757 1295,2815 1295,2840"/>
        <Baseline points="1295,2815 1799,2799 2086,2778 2537,2769"/>
        <TextEquiv conf="0.9857124579258454">
          <Unicode>la entra il en mer che dient ly põmant</Unicode>
        </TextEquiv>
      </TextLine>

      
      
      <TextLine id="eSc_line_e83170c3" custom="structure {type:default;}">
        <Coords points="1288,2868 1288,2881 1350,2893 1352,2893 2501,2845 2501,2829 2496,2796 2213,2787 2211,2787 2208,2787 2137,2806 2135,2806 2132,2806 2008,2794 2006,2794 2004,2794 1971,2810 1939,2796 1937,2796 1935,2796 1852,2815 1849,2815 1847,2815 1769,2803 1767,2803 1764,2803 1709,2819 1707,2819 1705,2819 1635,2808 1633,2808 1631,2808 1603,2822 1573,2808 1571,2808 1569,2808 1566,2808 1520,2826 1488,2826 1346,2831 1343,2831 1323,2817 1320,2817 1318,2817 1316,2817 1313,2817 1286,2829 1288,2868"/>
        <Baseline points="1288,2868 2501,2829"/>
        <TextEquiv conf="0.9675190715413344">
          <Unicode>Auenques marõuiers entra en un calnnt</Unicode>
        </TextEquiv>
      </TextLine>

      
      
      <TextLine id="eSc_line_c2145a0f" custom="structure {type:default;}">
        <Coords points="1295,2923 1295,2957 1410,2953 1412,2953 1415,2953 1415,2950 1417,2950 1428,2937 1463,2950 1468,2950 1470,2950 1472,2950 1488,2948 1550,2934 1617,2941 1647,2944 1649,2944 1679,2937 1737,2925 1753,2934 1764,2939 1767,2939 1769,2939 1771,2939 1785,2932 1801,2923 1843,2930 1868,2932 1870,2932 1872,2932 1884,2927 1902,2918 1935,2923 1958,2927 1960,2927 1962,2927 1965,2927 1969,2923 1978,2916 2015,2921 2054,2923 2057,2923 2358,2900 2360,2881 2358,2849 2314,2838 2312,2838 2310,2838 2149,2854 2119,2858 1293,2877 1295,2923"/>
        <Baseline points="1295,2923 2360,2881"/>
        <TextEquiv conf="0.9816871140454266">
          <Unicode>ly quilz uaissaux a la adourez armant</Unicode>
        </TextEquiv>
      </TextLine>

      
      
      <TextLine id="eSc_line_e244cfed" custom="structure {type:default;}">
        <Coords points="1456,2918 1454,2918 1451,2918 1449,2918 1447,2918 1447,2921 1433,2934 1428,2939 1283,2939 1286,2985 1286,3001 1767,2992 1820,2983 1877,2973 1909,2980 1923,2983 1925,2983 1958,2978 2050,2964 2179,2971 2208,2971 2211,2971 2231,2969 2303,2957 2353,2957 2365,2964 2379,2976 2381,2976 2383,2976 2386,2976 2388,2976 2390,2976 2409,2962 2420,2955 2487,2953 2528,2957 2604,2969 2606,2969 2609,2969 2659,2953 2659,2937 2655,2898 2480,2888 2478,2888 2475,2888 2434,2902 2381,2891 2379,2891 2241,2907 2218,2895 2215,2895 2213,2895 2211,2895 2179,2911 2174,2914 2172,2911 2158,2900 2158,2898 2156,2898 2153,2898 2151,2898 2020,2911 1971,2902 1969,2902 1967,2902 1965,2902 1951,2916 1921,2904 1919,2904 1916,2904 1820,2921 1785,2927 1769,2923 1723,2909 1721,2909 1718,2909 1716,2909 1714,2909 1691,2925 1682,2932 1477,2934 1472,2932 1458,2921 1458,2918 1456,2918"/>
        <Baseline points="1286,2985 1803,2964 2045,2941 2659,2937"/>
        <TextEquiv conf="0.9735381370637475">
          <Unicode>Hes le malleronte auoit la mainit sergant</Unicode>
        </TextEquiv>
      </TextLine>

      
      
      <TextLine id="eSc_line_394d1d98" custom="structure {type:default;}">
        <Coords points="2641,2939 2618,2939 2611,2939 2600,2950 2597,2953 2595,2950 2572,2939 2570,2939 2567,2939 2565,2939 2528,2953 2519,2957 2512,2953 2482,2939 2480,2939 2478,2939 2413,2941 2411,2941 2409,2941 2409,2944 2390,2957 2388,2960 2383,2957 2363,2944 2360,2944 2358,2944 2356,2944 2123,2950 2121,2950 2059,2969 2045,2973 2031,2971 1990,2962 1988,2962 1916,2976 1898,2978 1891,2976 1859,2962 1856,2962 1854,2962 1852,2962 1849,2962 1824,2978 1820,2980 1780,2980 1647,2976 1645,2976 1642,2976 1640,2976 1640,2978 1631,2985 1629,2989 1286,2996 1288,3033 1288,3056 1495,3061 1497,3061 1500,3061 1520,3049 1530,3045 1539,3049 1562,3058 1564,3058 1566,3058 1654,3045 1661,3045 1668,3045 1774,3052 1776,3052 1868,3038 1916,3031 1960,3033 2052,3042 2054,3042 2057,3042 2059,3042 2077,3031 2084,3026 2116,3029 2165,3033 2167,3033 2264,3024 2337,3017 2365,3019 2418,3029 2420,3029 2422,3029 2468,3017 2487,3012 2503,3015 2540,3026 2542,3026 2544,3026 2834,3003 2834,2980 2830,2944 2763,2934 2761,2934 2758,2934 2728,2946 2719,2950 2712,2946 2694,2934 2692,2934 2689,2934 2687,2934 2641,2934 2641,2939"/>
        <Baseline points="1288,3033 1764,3024 2248,2989 2834,2980"/>
        <TextEquiv conf="0.9778140797501519">
          <Unicode>Cui pour le mesagier y uont le par gardant</Unicode>
        </TextEquiv>
      </TextLine>

      
      
      <TextLine id="eSc_line_cdc4c176" custom="structure {type:default;}">
        <Coords points="1290,3088 1290,3118 1313,3139 1316,3139 1318,3139 1320,3139 1323,3139 1325,3139 1371,3111 1373,3109 1378,3109 1428,3123 1431,3123 1433,3123 1435,3123 1438,3123 1458,3109 1461,3107 1461,3109 1472,3116 1474,3116 1477,3116 1479,3116 1576,3104 1603,3102 1608,3104 1640,3130 1642,3130 1645,3130 1647,3130 1649,3130 1721,3102 1751,3116 1753,3116 1755,3116 1757,3116 1760,3116 1785,3100 1792,3095 1799,3100 1856,3123 1859,3123 1861,3123 2013,3104 2061,3116 2063,3116 2066,3116 2068,3116 2137,3091 2144,3088 2149,3091 2215,3111 2218,3111 2220,3111 2282,3109 2284,3109 2287,3109 2287,3107 2307,3086 2310,3084 2317,3086 2390,3102 2393,3102 2395,3102 2397,3102 2427,3081 2441,3075 2503,3079 2505,3047 2498,3003 2441,3015 2333,3008 2310,3008 2307,3008 2305,3008 2303,3008 2303,3010 2282,3024 2119,3017 2077,3015 2075,3015 2073,3015 2059,3017 2001,3033 1799,3029 1797,3029 1698,3042 1668,3033 1656,3029 1654,3029 1652,3029 1649,3029 1647,3029 1647,3031 1642,3033 1633,3042 1569,3035 1539,3033 1537,3033 1534,3033 1523,3038 1495,3049 1440,3040 1419,3038 1417,3038 1288,3045 1290,3088"/>
        <Baseline points="1290,3088 1976,3075 2505,3047"/>
        <TextEquiv conf="0.9771179305879694">
          <Unicode>se dame enpoie a ses aisti aux llusans</Unicode>
        </TextEquiv>
      </TextLine>

      
    </TextRegion>
    

    
  </Page>
</PcGts>
