3104 4140
1394 692 2873 818 Uous mestes point my sil ly cholers ne uauroit
1357 752 2809 880 Nes ie uous ay noury dont Iay faiganon exploit
1380 809 2694 933 pral eust este mors ar un leuys leuportoit
1369 869 2390 959 Cr nescayde kon cõment Il en yroi
1352 924 2715 1023 es sil uous plest amoy demorer chi endroit
1350 977 2781 1078 Et uostre uie user miou corps bien le uauroit
1334 1039 2655 1127 Care che dist lour fols est qui che feroit
1339 1097 2800 1184 Oe bras mes freresz uoet ychy on uoꝰ lairou
1355 1156 2908 1267 Et siriens tan esant que dieux noꝰ aenderoit
1357 1219 2880 1317 No pere et nostrenere graat ausmẽneseron
1357 1274 2740 1366 Dont pleure ly prendons ⁊ bras peconforten
1352 1324 2749 1421 Et ly disoit uiau sireqhũs bien uous otroit
1350 1384 2890 1506 Et uous rengne les biens car mon corps li uoroy
1352 1449 2894 1559 Due uoꝰ nous aueetfais sarde nous ne poroit
1357 1504 2733 1593 Estre rendus ly biens que cascins en rechoi
1371 1557 2816 1649 es Pies du sains leriite adont uaisier uoloit
1364 1616 2924 1713 Mes ly prendons ledteche que teurement ploroit
1486 1676 2565 1757 elleparoli piar my le mer couroit
1375 1731 2646 1810 q propres marõniers qui elaine trouoit
1329 1796 2609 1892 Asseiz pres de che lieu du berunte seoit
1341 1860 2740 1941 Et ly bons marõniers qui en le nier estoit
1334 1911 2862 1998 distases ꝯpaignons bruix seigneurs chy endroit
1325 1971 2710 2046 rouua bien a uui aus denne que chy quoron
1339 2019 2850 2111 Et me dist que poier certainque perdu y auoit
1325 2060 2692 2159 a enfans a une heure dont il ly desplaisoit
1329 2116 2669 2203 Or y ueulariuer se che uon uous sambloe
1325 2171 2919 2274 Et chil ont respordu bien nohplaist que eusysoit
1334 2228 2712 2320 Ieur uaissel ariuerent sy que dieux le uoloi
1323 2286 2871 2375 Ou ly enfant estoiem que dieu forment amoit
1424 2350 2653 2421 y maistres de le nef sen calant auua
1316 2350 1339 2428 s
1380 2392 2777 2472 ases pries des enfanis ⁊ sar terre monta
1325 2444 2899 2532 Euant il perchoit lermite celle part se trouua
1396 2495 2770 2587 piis ismuellement moult hault les salua
1311 2553 2583 2649 EEt lermite tantoez sen estat demanda
1302 2615 2823 2718 Chieus dist marõmers suy et ay este piecha
1297 2681 2597 2773 Or ia bien xui ans mõcorps chy arina
1316 2739 2876 2854 une damit moult uelle le mien corps ꝙ trouua
1304 2803 2655 2895 Ee nauoit suiue anain mes elle me conta
1343 2854 2758 2960 Euedeus enfans In piaux auoit Pardus
1323 2891 2952 3029 Et quant uras lentendy moult teurement puens
2802 2891 2922 2996 chu
1300 2955 2715 3095 Et huis adit en hault quant cheluy estouta
