3104 4140
1633 968 2735 1053 y uois hurtaix arrre Retournes
1320 1021 2915 1117 Et ly bous rois heuris sest en hault escrirs
1313 1078 2604 1163 Auant ler guenr baron le charassa les
1311 1131 2751 1209 Ia mairne se r an lires en iour d mes arl
1309 1182 2724 1271 paray prise la uille ⁊ les paiens lues
1300 1219 2901 1327 Dont fegrans ly assamx oinques main ne su tesz
1343 1281 2910 1380 y plnsseuree de io gens Reuplisoit les fosses
1316 1331 2832 1442 Et chilll castre ietet̃ p ierre atrestons leu
1316 1398 2818 1497 no uaillant crestien sy sout E uien esprouuez
1327 1458 2825 1547 Eet traient uistemont de quariaux enpemuy
1300 1513 2965 1605 Deuant che qui fu mis nua nest ly assana fies
1290 1577 2611 1665 ꝓiais hien fu esfendus ly nobiles chitre
1426 1623 2993 1713 ⁊uour de chest assault est drois que ie uoꝰ dus
1387 1676 2777 1775 Car on dest quil dura iusques a le mutie
1288 1724 2793 1828 Os cresciens cleparrent en leur herbegerie
1387 1803 2577 1888 out ny out ꝯquil uue põme pourie
1309 1856 2411 1938 imoury ly gentil alost escargani
1306 1895 2567 1989 iusquis alendemain con uit lieubeesclarez
1288 1936 2710 2058 anoult fu nob le ly gaint de nostre uarõme
1313 2012 2613 2111 londemaman matit Ia le uille assalie
1300 2051 2998 2171 loug tampe fu d pardeuant le gent dieu herdegie
1277 2120 2922 2228 ar les citerues yssent celle geut pareuin
1290 2189 2867 2279 ꝑt ue ne sen donne garde nostre cheualerie
1382 2242 2862 2336 tpuis petraient enz en une augtre partu
1309 2290 2984 2375 Et quant bieuris les uoit pous dy sans li prene
1302 2346 2968 2444 Paux dist ly rais qe uris troqo nous fait uilemi
1309 2405 2862 2502 ly sarazu ee castre que ly corpe dieumandie
1274 2474 2894 2559 Mais ne men partiray imais pur de ma uie
1274 2530 2692 2622 Se men seray uengiel a lespee four uie
1389 2585 2945 2677 dist ly Rois ant houus pour certam uoua affie
1387 2651 2954 2746 ne uon corps uous teura sy lon aux ꝯpaignie
1327 2711 2657 2801 eue e uous dmoray et soiz et amutie
1309 2762 2722 2856 Pamour y descoche a le chere hardi
1300 2817 2880 2911 OR me coufonde sieux et be uiergemarie
1431 2879 2719 2969 ie mi parch de uoul sy ares ꝯuertu
1369 2927 2848 3022 grant chite de castre et miren uo baillie
1316 2983 2724 3079 quisy dist amoitris mes Il ne scauoit mne
1323 3035 2606 3137 ffue Il auera aualt ama .xu a opli
1297 3093 2422 3183 iour en estlou destre desuruz
2609 3068 2901 3203 I mõte
1309 3150 2526 3238 Armes lu amoris a le chure qqz de
1382 3208 2579 3277 ar uallstre mit a. quon i seesbamt
1329 3240 2600 3346 le chriti aprocha aseme stre parti
