3104 4140
1306 710 2669 814 Et le plus gracieuse qui fust en men lignaige
1325 775 2620 871 e uous laran morir par uostre grant folage
1295 832 2494 903 Car se disoir au roy ⁊ atout le barnan
1288 883 2724 975 Que lame nest pas morte sen disoie lõmeraige
1288 940 2636 1032 Tpesde bos uoꝰ resppiteroit ly lbis de chedamge
1270 993 2682 1081 Pour tant atenderay que seres morte a renge
1309 1051 2636 1129 Eusement dist ly rois amourt basset laugaise
1297 1101 2811 1193 Et ly feus alumoit coutre ual le pinnpreaige
1295 1156 2611 1248 Uue estaque yauoit ars faront uy messaits
1375 1214 2609 1297 uielle a lautre les gechyt sruepo palage
1431 1271 2512 1368 fu en ui fu uoiant tout le barnaige
1300 1324 2678 1428 qnsy pour sen meffait mori a grant hontaigẽ
1539 1373 2356 1474 arse le uielle a se malaĩchon
1415 1428 2820 1534 lre dieux quelle ieta che pour maint hidenx son
1297 1490 2678 1591 Ies asses tost fuarse grant furent ly sarbon l
1302 1545 2452 1653 y rois est repairielz dedens le maussion
1306 1612 2468 1699 Sr ot plus que deuant anoy et marison
1297 1658 2356 1747 Au thomes fu dolans en secondissien
1334 1706 2531 1810 et dist ques de clochestre ne faites celison
1318 1759 2528 1865 u elame toute arse que clere ot le fachon
1316 1826 2330 1911 le demoray de ly cotelle ne plichon
1286 1874 2471 1966 Que le uelle aportast en celle region
1235 1913 2745 2030 rre che dist ly contesz parduu et ppar sen non
1152 1998 1219 2143 12
1318 1977 2572 2081 e ly trenchay unbrac siquel bien le ueit on
1302 2033 2565 2155 heluy aige garde que uous cheleroit on
1293 2090 2618 2219 Et coutes dist ly roiz pardieu uous en ꝓrion
1309 2150 2540 2279 Que ie uoie le brac sans nulle a restisson
2558 2162 2993 2249 daz se gouina h
1309 2219 2936 2343 en se cambre est untres afoer et abanoi hi fist aror
1297 2277 2761 2415 e brat marie prent que dieux saiche Ippardoñ
1306 2378 1815 2444 dour lanour l
2080 2348 2883 2435 meche le coutoit ce diston
1295 2403 2630 2497 ar unc dedeus sen lit. la meuoit marison
1288 2447 2657 2555 t ꝓplouroit pour le belle que a destrachion
1302 2504 2524 2610 lu mise pourle dame qui ai bengachon
1369 2553 2494 2654 serechat le mort dumble cõndission
1417 2605 2669 2720 conte de clochestre ꝓoint nu sy atarga
1224 2670 2936 2783 e brach se prche print quaienques luy couclia
2277 2720 3005 2819 le tint donchemẽt le be
1311 2743 2089 2845 Et quant lylqueux dectot
1293 2792 2346 2893 et mariedist il dolantoucle chy a
1219 2845 2478 2957 Etus rai son estes morte le uelle mẽgana
1286 2902 2335 3010 y rome eluũ ⁊ cõment saurra
1254 2960 2535 3086 o corros celle nouuelli fort a fairi para
