3104 4140
1166 791 2579 883 Par dedens le palais uistement leumena
1175 857 2646 940 Quant elame le uit deuers luy seuclina
1205 915 2494 998 et puis yuellement elle ly demanda
1191 965 2618 1064 Sire que fait mes oncles a rõme pardela
1171 1023 2496 1133 Ly benois apostles ou tant de bonte a
1217 1094 2475 1207 zelle dist il ly prelas dayde mestier a
1182 1159 2623 1276 prinans de le montandie paiiens amenez a
1180 1219 2468 1338 Iien sont iiii mulle passes au les de la
1175 1292 2579 1403 Sy ont asoz segie rõme uenir y couuerra
1189 1354 2524 1465 ur̃e pere le roy qui bien nous aidera
1173 1419 2494 1547 Rapostole ly prie par moy mande ly a
1166 1492 2549 1609 Que sa chite sequeure ou malement yra
1173 1552 2636 1669 Et quant ly rois auchorres le paroli esconta
1164 1619 2556 1738 Dont iura dame dieixo qui pener se laissa
1173 1697 2448 1796 Que ia iour de se uie le pape naidera
1166 1743 2478 1860 Ne pour tout sen besoingil ne se mouuera
1168 1800 2512 1913 Se congiet nely dõne du pooir que il a
1161 1858 2514 1982 Quespouser se fille ou tant de biante a
1166 1927 2533 2044 Et lysains gardiueis uers le roy aprocha
1168 2000 2542 2111 Eu prue ly demande se le pape ardera
1295 2060 2432 2171 Egentil curdinal fist forment a loer
1134 2125 2602 2224 ALe noble roy anchome en pnt a apeler
1171 2189 2641 2274 Et ly adit chiers sires ueulies moy esdrconter
1168 2249 2618 2343 Lapostole uous prie par moy uous fait mander
1164 2302 2480 2412 Oaien contre sarasinis li uenes conforter
1182 2357 2275 2479 Il en a tel besoing quil ne pora durer
1171 2424 2395 2541 Se uous ne le uenes aidier et uiseter
1173 2486 2411 2589 Et quant ly rois oy le carduul parler
1155 2548 2482 2649 Se ly adit moult tost ne ly uault celer
1161 2610 2613 2711 fire Ie nay uouloir de nron corps form ner
1364 2661 2740 2753 nair nul talent de mes hõmes mander
1173 2720 2694 2817 lon pour quant se le pape me uoloit acorder
1184 2783 2008 2877 Et me donnast concer e
2027 2769 2671 2854 ⁊ faire men penser
1171 2833 2602 2937 Encore poir samour me uoulroie penegter
1166 2898 2441 2994 Mes par cheluy seigneur quer a asauuer
1175 2946 2816 3042 Ie le don ne me donne que ie uoeul demander
1184 3006 2452 3093 nenteray arõme pour luy a uiseser
1171 3040 2494 3130 Quant loit le iardinal se print a soupizr
1171 3098 2521 3203 Et dist au roy anchonr li iour bacheler
