3104 4140
133 1007 1389 1120 linsy que la estoit atant es ung garchon
154 1083 1479 1177 u uoit le Roy authoie se sy uie ahault tou
165 1136 1366 1232 ire par cheluy dieu qui souffry passion
230 1200 1279 1281 uous est a duenu grande perdision
172 1244 1329 1340 n uostre ost aueunt auuit un fort laron
179 1297 1293 1386 e le forest e unt ou casuel de Iabon
216 1352 1463 1437 est chieux eastelains dout ie fay mentian
140 1398 1208 1481 ment luy sout uenit iy coupaigno
181 1449 1281 1534 uous ont desrobe toutr le garison
135 1499 1599 1591 qui uenoit en uostre ost aforche et a uaudon
197 1561 1603 1653 ne uous ont laissiet qui uausist un bouton
128 1575 170 1685 2
204 1619 1435 1706 sy ont tout ochũr uroutiers et coretous
246 1669 1787 1773 il de toutuay uous maudent pour uray le uoꝰ diston
126 1720 1419 1821 ie uous lairoit uetrr uaillant un porion
172 1766 1615 1885 e sus le pas cauoit naues nuse telle garison
142 1821 1486 1929 due leie gent nayent ia par eux cansi eioit
158 1876 936 1957 rep leier uint idutrant
172 1929 1912 2040 ne ue gent qui uo uieul. serut ⟦rebin⟧ uo besoug
1005 1908 1362 1975 ie y  msdi
177 1994 1362 2093 r euĩt ens quemin encont sy selon
172 2042 1097 2143 ayre uou ꝯsoll et uon ainsi
195 2099 1424 2182 a damagoy ares goien lourte faispu
174 2178 188 2237 ¶
225 2159 1424 2247 dist ie Roy anthonn a le clere fachon
131 2219 1516 2316 mis uoul parles bien et sans mal coison
184 2288 1702 2385 re caᵃ conseilliez moy pout Aeis et pour sen non
188 2396 1633 2495 Pe che castel le unt qui me fait courechier
478 2355 1686 2440 dist mthomes ueullus moy conseibuer
197 2458 1410 2555 nous a famora auchoi un mois entiez
239 2516 1829 2608 dist u arch euesanes Il nonu fault cheranchie
158 2564 202 2649 7
248 2576 1537 2668 frre une coursee demaina lesclarrir
239 2633 1562 2727 dist le Royanchouc che fait a otrour
147 2691 1734 2796 en deman se fleuerent et sen Uut apoutier
142 2755 1728 2858 os laissureat abengos et ly tois aucurrehuer
186 2819 1385 2909 de party dee los et oluy sy princhier
135 2879 1350 2957 ugreus ⁊ espringalles frent acarier
161 2937 1626 3022 ers le forest d uus pormrent a cl enanchur
140 2999 1334 3104 U casfiel y aioit confist fortefier
227 3072 1610 3169 et pluiseurs maisous ou man̾iet aduersier
163 3132 1477 3233 us y list on grant uille Raire ⁊ oefier
165 3183 1645 3284 au esst nõmir lut uien le qems iesmoigner
165 3245 1801 3357 usy saautre Rõmans Et nous ueullois deesmgier
