3104 4140
204 664 1421 763 Auchonce Regreta le prinche droiturier
216 731 1537 823 Ay frans rois dist il uechy grant destoir bier
218 807 1555 864 Quant I uous ay perdis me doiht auoner
211 846 1560 917 Car il nauoit ou moude sy hardy cheualier
207 880 1587 998 Elo qui de sainte eclise pour horueur Rauoier
218 952 1389 1051 Uraie escpee de foy pour paiien damagier
207 1000 1576 1117 Or nescay en che monde qui mir peust andier
213 1060 1468 1166 Car uous esties hardis a lestour cõmenchier
218 1120 1500 1230 Et de confondre tursz airs grant descrier
216 1166 1612 1285 Il dont prent aplourer et faire duril plemer
213 1223 1629 1350 Nes uns frans cardinaulx le prent arapaissier
225 1281 1649 1389 Ile uous dementes paiz frans papes droiturs
220 1345 1458 1446 Gar encoire cõuoige ung nobile priuchier
218 1403 1537 1511 Gui croit en ihũ list qui tout aarar a aiugier
230 1467 1504 1559 Ie ue siay en che monde plus hardy berrier
225 1520 1447 1614 Le qui mieux en bataille sache ferer dachier
227 1570 1571 1667 Sui est il dist ly papes ne le deues noier
211 1623 1541 1706 Et dist ly eardinaux foy que don saint richier
225 1678 1578 1777 Cest ly cois dengleterre qui tant fait aprisier
236 1738 1504 1842 In la pelle henry bien le puis tismongnier
234 1805 1709 1906 uous si res biertaidies se chieux uous uenitaydier
230 1865 1573 1966 Nes Ie croy que della ne uaura cheuanchier
223 1929 1428 2019 Ee uous ne ifaisies le seruaig quitier
225 1982 1698 2079 Que les adiglen̾ uous doient tous les aus paier
230 2042 1592 2159 Ly sernages est grainz qui est in uo dangier
225 2104 1633 2208 Car castun quis ouurant uous doit i demerir
232 2171 1608 2272 Et se cestuy seruage uous uoles delaisscl ier
289 2221 1714 2327 croy quil uous uerroitt tẽprement auanchier
269 2293 1532 2382 et par forche feroit les paitens dessegir
262 2357 1500 2454 Quant ly papelz loy tieu print agrafier
232 2433 1419 2509 Et dist au cardiml qui poray enuoier
236 2474 1550 2573 A heury dengleserre chest a faire nouchier
257 2539 1546 2645 Le sernage ly cuite et deuant et derer
243 2599 1474 2707 lffin que de butor Il me uiende uengier
239 2674 1500 2757 Et dist ly carainaulx Ie ne scay mesagier
266 2727 1555 2812 cue sy tresbien seast celle a faire nonchier
223 2792 1525 2865 Et obon roy heury parler et deglainur
234 2815 1677 2934 Eõne fera mon corpa Ie men ueul nrauillier
289 2877 1603 2980 Le uoiage feran se dieux me puist aydier
236 2934 1596 3068 Quant ly papes loy my ot qui fleeciner
