3104 4140
94 722 1612 830 dont ne pot lenr teurement en larmis
200 809 1419 903 puis apres a dit or entendebaune
75 867 1714 975 Demores aureut moy pour dieu Ie uoꝰiemprie
103 940 1695 1055 Car en couuent uous ax de pue foy fiauchie
121 1028 1769 1127 iar moy ne par mes geus ny ares uilomme
276 1094 1647 1205 p Pas louronnes se tengen me uaulie
105 1159 1355 1317 oure constantmoble ⁊ le teere iolte
75 1225 1642 1386 Mieux uous garanduray cõme qui soit en uie
75 1304 1491 1446 Sire dist clariande et auous ie motrie
96 1453 110 1520 ¶
195 1366 1714 1543 uo garde me mes soit ou soeus ou folie
213 1478 1652 1616 Nre dest clart clariande ale ctere fachon
386 1582 1803 1704 ro garde mrmech sans mauraiseoccoison
80 1662 1553 1761 Delle che dist ly rois oiesz mentention
211 1736 1783 1828 uous prie ut Requier que si uous uict a bon
89 1787 1833 1899 ue moy et uous alons sans aultre cõpaignon
98 1858 1451 1971 dreir de uostre pere toute lestablison
87 1925 1371 2035 Et le sier paradisz et se cou dision
117 1991 1518 2113 ithomes apela ses õmes ahault ton
158 2063 1596 2191 distor uous logies y chy endroit uaron
110 2145 1688 2283 luent chelle puchelle men yray a uaudon
82 2247 1566 2352 Sire dient sy hõme aious firons Neibon
98 2323 1693 2438 Dieux uous laist Reuenir a uostre saliution
94 2387 1511 2523 dont Breche le rois le bon destrier gascon
167 2472 1380 2576 la belle len maine a dieu benaichon
241 2536 1672 2640 Esor sen uaauthomes ueoir le roy graibant
239 2605 1626 2714 Quapeller se fait dieixo en bas ⁊ en hault
101 2670 1530 2766 diables le faisy que les mauuais ne fault
80 2727 1688 2829 Tant ala rois authomes quains ne doubta assanst
89 2801 1856 2907 duen baniere est uenus dout iy mur en sõthault
117 2881 1843 2989 nen estoit a doubel de tout che que ly fault
89 2960 1649 3100 fariande le anayne de sus lutpalais hault
