3104 4140
1470 616 1571 724 32
110 717 1352 795 Ne coree en est forment haite ⁊ rdoubter
117 756 1520 871 mrs se puis exploitier ellis els Ee aquitee
133 823 1530 929 ore se siert eit lesten de grande randõnee
181 880 1461 988 tant es uous butor le fous dune ualee
241 945 1677 1055 pr le grande bataille que fu uien pries di fait
227 1005 1366 1097 acũtes uous uenus aoy uute la chopart
177 1087 188 1156 i
213 1053 1468 1159 fait par deuant luy condiuire lestandart
128 1108 1320 1228 sen col un blason ou sont dor ly lu part
119 1163 1366 1290 pu lanche portoit en giise de fausari
174 1223 1615 1350 na consient haubert q̃uil ne rõpe ou depart
174 1292 1481 1414 ermeme crioit moult faisoit grant estart
167 1338 1580 1483 ele gent trestrenne que sont preuet gaillart
117 1400 1566 1540 Et quant le roy hemry uit le paien musart
230 1465 1527 1598 Iliũs le mandie ⁊ du corps saint lieuuart
119 1534 1355 1646 dos esperons brocha le uon cheual liart
197 1586 1428 1701 abaisse le lanchi au bon ner espaignairt
138 1635 1447 1761 et le gent sarasme a fait moult grant estart
230 1685 1580 1805 quant untor le uoit le cuer ly seit etart
209 1743 1541 1860 uant iy rois buter uit ly riches roiz heuris
193 1791 1497 1920 Quansy ne les sions point ne iy abely
197 1839 1573 1984 uioche le chrual ⁊ ⁊ puis se ua uers luy
1323 1908 1546 2000 latengiz
149 1925 1088 2046 y rois dengliterre liement l
144 1959 1426 2109 e le laulhe dachier tout premiers le fern
124 2083 289 2168 nẽ
340 2026 1548 2164 le corps du paien teroura sy bien garuy
138 2097 1306 2233 Ie platesz de haubert ⁊ de conton oussy
108 2148 1472 2286 Donques le bõne laucle rieus ne ly amerry
121 2205 1557 2341 Dar sorche et par uertu en dis pietlres rõpy
105 2270 1265 2394 Ef uuior dormeme point ne sy alenty
101 2350 1145 2449 Du fausart quil tenoit le ocha Roy
101 2382 1346 2509 Sus le col Nu cheual ly archiers destendo
108 2444 1329 2566 ellement lassena que ly trencha parmy
161 2495 1380 2624 che nans quiet aterre ⁊ ly metsdes ousy
101 2557 1332 2702 Mais il estoit ymauxx sy que tos resailli
151 2605 1380 2748 ascachiet duseude le Rclie branc foirby
119 2661 1369 2845 Entour luy fiert ⁊ frape engnise daucmy
156 2741 1283 2886 uy Il acanctacop Il a sen tamps feny
121 2808 144 2865 e
179 2810 1569 2937 estrie engleterr quanque il peult a hault srn
121 2886 1573 2983 Re s sy hõme uaillant nentendent Point le sen
105 2930 1502 3061 Iapostole climens des haio murs le choisy
