3104 4140
85 777 1500 896 ers le castel de buc que puis ot lille a nom
82 883 204 956 dut
575 832 1824 959 i samble ueni e force ⁊ abandon
149 1005 1336 1113 coire on ihũcrist qui sonffry passion
89 1067 1155 1166 ien castul uour douray aus deyasion
75 1120 1033 1223 rutrer uonr y feran auo saluasion
151 1154 1364 1271 dist le roy authone a dieu benaichon
110 1219 1323 1327 ꝑ courtray sont issut a force et a bandon
98 1267 1472 1391 aut a fait chieux beruir dont ie fai mension
98 1329 1249 1432 rue le castel liura a aughoie le bon
179 1384 1173 1490 entriret̃ dedens coiemẽt a laron
110 1432 131 1536 E
147 1423 1145 1543 pairens y ot de dena le mausion
96 1462 1327 1589 in trestout furẽt mort en tubulation
117 1524 1180 1649 usy fu ly castiaux a leur Quu sioit
85 1568 1260 1708 uire bruges sont regret sans nulares
128 1609 1327 1768 fu ln rois heuris longemẽt en prison
812 1667 1369 1768 ui Ie fay mension
112 1706 754 1828 dignour a che tampe
140 1722 1352 1876 urugee bien frunere en tour et enuiron
94 1770 1421 1925 nre point ne fu ꝯraide que put le uoit on
839 1835 1244 1929 lenfrunt urision
103 1876 664 1961 utsome e t nparͣti
108 1858 1463 2023 ont uenu ai he uergre ou sont ly mamdon
112 1913 1431 2079 ou les ateudoient ly uullant ꝯargrron
110 1982 1385 2125 ngiens fout creperter quẽ le uille restoit
115 2035 1507 2162 ierrrs et mangouniams amoult grand foirõ
154 2083 1601 2221 sont par deuant brigen lo giet ae sus des prei
131 2148 1389 2283 no uaillant crestien grande y fu ly plenter
172 2208 1332 2346 ietaient deugiens semplisent lea fosses
103 2274 1348 2392 arbree it de maoriẽs que sy Rronues asset
110 2323 1389 2449 uissee et martuis ont les corps moult auoirs
103 2380 1320 2488 dout leur pere lieur qui est eupeisdnes
105 2433 1309 2548 oue les iours a ioirnee yfuassans biuree
98 2509 1233 2603 raradia fu hardie grans su sa poeste
108 2576 142 2656 x
165 2550 1371 2654 douut nos baront n demere mouaee
115 2624 809 2697 euille essoit pruque
837 2633 947 2700 d
964 2610 1249 2691 ene yot
110 2658 1424 2757 e Reroubte assaux questre y qist liures
112 2704 1520 2812 ie martiue pear sera par tamups moult aires
115 2778 1178 2865 nsy que le canchon yssy auant oren
156 2810 1523 2925 iguent or entendee que Sieixs uous benaie
117 2872 1445 2973 le ꝯloueux du chier. Le sil sainte marier
89 2937 1410 3038 põne canchon diray de haulte seignourie
103 3001 1375 3091 dar nul hõme uuant ne sera meuleoye
174 3058 1394 3141 Riche croy anthomne a li chiere hardi
108 3116 1426 3201 uoit lre doux enfans fieux se fille Iolie
119 3150 1534 3252 iel encorre uous Sy que uin ne creuit mie
115 3206 1507 3360 dul funissent sil xlaine ei ponue agrnsir
