3104 4140
96 648 1610 779 pit qui esche la quia cãtre a cliquie
248 731 1527 853 ⁊ le sinatour ne uoꝰ esmares mue
108 802 1879 929 ar Ie uous dy poir uray me uechy donceanne
117 869 1610 993 npour urẽ amoir Rechur celle mune
108 926 1730 1064 ue Ie ne dormiron spoir toute loubardu
110 1000 1693 1131 arbyamoi de uoꝰ sy cagremel magrie
115 1081 1580 1202 lorir me couueroi se Ie nay uostre ayr
124 1145 1629 1271 e croire me uoles poir uoir le uoꝰ affie
112 1221 1465 1324 nien uouus estaueme en ycelle partie
110 1276 1638 1396 ar uous seres de moy sil uoꝰ plest nochue
110 1350 1495 1462 rar ly papes climenis que Ihũs ue naue
119 1409 1714 1529 Ne dgna le congiet Iene men doubte mie
117 1483 1562 1591 Ruafaie uodaray se uo corps sy okrie
124 1552 1474 1667 ⁊ quant la dame lor sy en fu esbaye
112 1605 1629 1741 et ly adit souperes uous peuses afolie
117 1685 1541 1800 ar iame roie mieux que ie suisse brine
121 1743 1587 1872 Eue le caruel amore uous Iust l ia oterdie
209 1793 1734 1922 ⁊ pere dist le dame tropauce fol coraige
179 1876 1730 1989 fui parles de men corps auoir amariage
119 1938 1589 2037 ie dobeir a rous par amoureux l saige
135 2005 1596 2116 a Aston en uo lay qui cest de ꝯrant estaige
135 2074 1877 2187 que nous deuous par droit mienx cazder ꝯpaige
140 2145 1670 2242 on ne faiche en tous cas amste s depaig
140 2201 1698 2313 dame dist ly faux a baissies uol laugaisẽs
255 2265 1728 2373 m qour uostre daour entres en tel coraige
142 2332 1778 2431 full mi couent morir se ie nay laucotaige
144 2389 1942 2509 de la moir de uocorps tant uous uoy belli ymaige
138 2474 1845 2564 Rue iain mieux en inser auoir le iuien yse mige
140 2534 1751 2628 qua uostre ientil corpos naie daumour ymaige
207 2580 1836 2704 ouureture hanche sans point de laresfaige
345 2654 1603 2766 muchse dedeus Ct celle qui fu saige
200 2681 230 2762 .I
165 2723 1725 2840 aby hors d sen lit siques toute ramaige
131 2789 1900 2907 Dame che dist ly faio que dous estes samaige
170 2861 1967 2980 Nes chest pour nount Par les sains de Paetaigo
177 2927 1951 3107 ouaray uostre amour par gre ou par fhausaige
