3104 4140
393 947 1428 1032 ⁊ sainl thuinal Ie ne croy mue
345 998 1387 1099 Que le sorpis le uiergene marct
172 1053 869 1143 Goit en uelle uiere la
195 1106 395 1177 Cari
193 1159 1180 1230 Na pal grãment que uay uem
423 1115 1113 1184 ne uous mentiran Ia
193 1202 918 1269 Ie lencoutran en une m
193 1251 1033 1313 quait angle auoit auent liz
193 1299 1097 1363 Sa chiers quelle parea mamy
190 1350 1141 1430 De par moy uous quande salui
193 1396 853 1467 Et affin que soit creus
188 1449 964 1534 Eue uene lay en figore
193 1499 1155 1584 Uer ilin sa proprechancture
250 1554 1194 1635 ne pour enseignee me luira
250 1607 1145 1672 dout le chauctur eanoustra
195 1658 1189 1738 a yaux moult bien lont laiisee
200 1706 1081 1784 I deint furent en grant pense
209 1754 1120 1830 Ie chaictire out moult hõneier
193 1798 1171 1885 Et louueir de la uiergene loee
200 1842 1293 1938 Et saint thumres moult hõnerene
184 1906 1060 1975 De che quil lorent aproue
190 1959 1023 2037 Et il leur atout pardõne
340 1996 1141 2081 a pres leurdis belement
285 2044 1007 2127 si gnaiane crees mient
170 2102 1113 2182 fai tes rergardderen la uiere
186 2157 1030 2242 Sy porel sauoir le gramer
200 2198 1155 2295 Enchois quen terre le boutes
480 2260 901 2341 ont il acorder̾
200 2316 1150 2394 adont le biere deffermoient
190 2362 1316 2449 faice et par dedens Ilargardoient
179 2415 1196 2490 Uais mle naus ny ont troune
195 2467 1076 2546 Ecer le corpa estoit emporte
204 2511 1240 2599 lassas en q ault empuree soufilr
227 2580 1173 2661 y ame escorgt au coepa entrer
202 2626 1224 2720 uloir de sieu aqiniil agree
232 2688 1155 2785 y apostle quant ont choisy
204 2760 253 2808 I
271 2760 1318 2847 ue le idrpe nestoit muzenquy
257 2808 1092 2902 ascun durement son esfroie
278 2868 1371 2966 st sauis chuuria bien lepensoie
271 2923 1023 3031 u Nomn ne le sauoie uaie
204 2976 1348 3091 Euen anne et en corpe fuse Raine
197 3047 1164 3134 mies cestoit et est mesperanche
204 3093 1398 3222 peus dieux qui est uie et sustauclie
1509 816 1585 945 11
