3104 4140
1369 726 2494 825 y le le capelain sa dit ay dieux haluy
1295 800 2772 899 Dame aquoy penses uous car ia che ne feran
1302 862 2537 949 ne qa en men uiuant ne le cõselle ray
1288 917 2952 1021 Par dieu che dist la uielle que pas notle tueruran
1396 993 2728 1083 uous nescasies che Ie uous couroncheray
2837 1018 2864 1104 6
1357 1058 2680 1150 et uous Iur sur dieu que morir uous feray
1323 1124 2807 1223 Dame che dist ly preftres que fu en grant esmay
1300 1182 2418 1276 Auo cõmandement cheste lettre feran
1295 1248 2846 1354 hres hien scan que iamais plus bel pur ne uerray
1428 1315 2873 1412 ame clie bist in prestres par le corps ihũ crist
1520 1377 2811 1469 Redoubte moult fort a faireches e sirifaz
1350 1426 2809 1529 uant sy tres belle dame q̃ tant a le clor uis
1375 1494 2634 1589 ni sera el fu arse mal sera ses pourfu
1323 1547 2745 1653 Et se iou ne ly fay iou en uaieray trop pis
1286 1612 2726 1708 Par foy dist la daire uous estes bien quotis
1293 1685 2618 1782 Quant cõquester puel de uair et de gris
1302 1754 2963 1862 Ene de fiare men uoel nestes preus et hardis
1279 1821 2528 1911 uoues sy escusies se seres mesz auaiz
1290 1874 2620 1975 Rien rentes en seres et dauoir euacdis
1283 1922 2871 2051 Dame chie dist ly prestres ne le fay moult eiuec
1341 1998 2620 2120 dont prent a estrire ainssy que Ie uous dis
1306 2065 2595 2182 anchois que Il se sust de le dame partis
1297 2134 2547 2240 si feut ly capelamis ou ix lettres ou dis
1283 2189 2694 2309 Es lettres cõmandoit ly Rches pois heuris
1283 2260 2664 2385 Ou conte de clochestre que estoit ses sub gar
1290 2332 2531 2447 Sur aperdre se uie ⁊ trestous ses amiẽt
1295 2392 2659 2509 Quil ardefist ellaine et acc aussy selz ii fuz
1277 2449 2860 2576 Quant les bries furent fait le dame dont Ie dis
1274 2518 2554 2631 Sy les a sait secler du tout a son deuil
1410 2585 2505 2688 o derau seel le romranche sil
1288 2628 2641 2766 Ala ferir le prestres dun contel eus ou pis
1339 2695 2597 2824 e aul ly a fendu il fu en boure occis
1297 2757 2676 2886 En le mer le ieta quant il fu aurs pris
1290 2826 2577 2953 Et pans apris un bruf le Rome la mis
1373 2888 2671 3017 u cargnon de cheluy quiestoit endormis
1286 2948 2850 3068 Len de main au matun quant iours fu esclarchie
1281 3015 2685 3144 Oe lena sy mesages et puis acongret pris
1415 3374 1491 3449 4
2317 3417 2926 3553 Le dame ly dõna
