3104 4140
216 942 1624 1037 pepuis du frut propre a dont tu mengas
161 1005 1527 1087 ar le uouche pourie un uert Raisel iettus
156 1041 1705 1136 De quoy on fist le crois urais dieux que tu gortas
149 1097 1670 1182 Maie ame pour noue sauuer chy dessons ordenas
250 1156 1320 1221 uiergie pretieuse a qui tu ennoutl
220 1196 1341 1276 sa lut qlorieux en luy tencorporas
177 1255 1265 1331 conte ta  yce Be chai acounetas
135 1306 1497 1400 Omir nameury lassus ꝯbien que fus cha tris
117 1368 1401 1458 Re tu uoins cha me qussy lassunt Regnasz
126 1414 1461 1506 Eu ca grant maieste quques ne leq laissas
195 1472 1343 1561 En la uierge marle hõme ge sigurai
149 1529 1433 1616 let lassus et saina chieux cõme diexx pos
1500 1492 1550 1598 fac
223 1577 1585 1674 u fua peres es chieus et con prt enuoias
195 1639 1484 1727 n le urerge marir on tu le nous liuras
170 1695 1477 1787 et le saint esgeit oufse oluy a ppaignanis
236 1754 1339 1833 sainte deyte se ueistr de noy deos
121 1810 1606 1892 Sunt esprit es peres et fil ces prois nous al
147 1872 1829 1961 Et sy pn est tuns feux dieux ensementcordõnas
227 1934 1583 2019 n le .uir Ige marielꝯme ꝓbieree et mas
163 1980 1560 2095 pasquites en lestable et sy te rescofas
197 2042 1608 2148 En le nreppe desbues cout gi momegniee
170 2095 1762 2191 mois que testoies dicux assee cos leuz monffras
142 2162 1589 2240 far de troisi longamel souuoistre de laissar
190 2210 1546 2304 Coffrande Recheus et qie les ecuroias
188 2270 1585 2364 ar une estraigne uoye erodes ainquias
184 2329 1868 2419 Qui ie cundoit de struire le gil mul que cheuauchis
250 2398 1359 2486 en ihrlm le grant chite entras
202 2458 1571 2550 e uer saint simeon Ie uint entre ses braa
1670 2461 1760 2546 U.
202 2518 1454 2596 au pois capela dieu xxxii aua Regnan
149 2571 1468 2670 Puisse dy te ueudy ll traytre iu das
177 2628 1527 2730 le digne merquedy de paout sanc suaiz
170 2688 1679 2785 Le ioidy a destaque moult de maux enduras
299 2741 1580 2845 le saint ueur dy le digne cols portaa
147 2803 1688 2891 Gur le mont d caluaire on te claua les braa
460 2865 1631 2955 el ensement et be mort enduruiz
227 2911 1707 3035 ouranes fu dspuiee de pornans ious moras
216 2980 1578 3084 u les deuers ie mere pitensement clins
209 3031 1541 3130 t pour luy adurchir pame tu capelasz
195 3091 1557 3196 pu baron saint ielan a dont le ꝯmaucas
211 3150 1631 3245 a dont fus nu lanchies sy que tu de goutas
170 3208 1601 3323 la endreoir sant et yaue Et de fia ꝯsumas
