3104 4140
1325 933 2459 1041 s piet dessenderay se uous feray aie
1306 995 2770 1101 Lal uous estes forment en lautre main blecie
1265 1055 2703 1159 Sque chest uien ronson que uous soies aidie
1327 1115 2712 1219 Euant clame lentent tous ly sans ly frenne
1283 1163 2597 1265 Paus parler au uarlet a se uoie acuellie
1300 1219 2457 1324 Ason ostel & paire do lante et courechie
1447 1290 2519 1373 lame Repaira dolante et esgrree
1265 1345 2722 1426 a ly uarles son ua courant de randõnee
1304 1400 2648 1490 peai cheual en lestable amis sant demoree
1300 1458 2579 1547 Et paus en est moutes en le sale panee
1339 1527 2457 1614 usque o cry hemy ay a faitaristee
1309 1577 2572 1660 Ieuout lun sa genoula et a haulte alenee
1329 1623 2567 1724 t rois dengleterre entendes me peusie
1366 1683 2372 1780 ente uous sela de par moy Racõter
1290 1727 2602 1837 Sacheli que maintenant cest l con cose aueree
1339 1798 2475 1888 nuoie uo cheual ale cau pe tueuloe
1309 1844 2572 1943 Abuites buanx doul sires en le rimere die
1297 1906 2510 2005 Ensy que Ie istoir chest ueree prounee
1306 1971 2291 2067 qui faine choisy qui estoit a folee
1341 2030 2641 2122 t oue dy pour certain le moin auoit coprr
1313 2088 1355 2166 ¶
1295 2152 2597 2254 quux Resams last elame que crertieence
1426 2097 2558 2187 se le dame fust uien uestue ⁊ Maree
1297 2208 2676 2306 meastachies quedle estoit amorue Le hallee
1348 2270 2646 2357 Ie stue pourement ⁊ moult malatoieruee
1415 2323 2646 2419 un . Aapel lauoit sestoit bien emblanee
1300 2385 2556 2481 Quant Ie parlay a ly forment fu espantre
1318 2456 1329 2493 ¶
1313 2493 2544 2599 It ne scay par Ihũs ou elle fu touruee
1396 2442 1555 2511 quot
1624 2451 2699 2536 e departy conquee ne dist Reua nee
1332 2555 2510 2645 ꝑ. lostel ou elle est maintenant ostelee
1300 2603 2630 2702 fuant ly c̾our lentendy sa le couloie muee
1300 2661 2501 2753 ꝓroy aueliome quenrt le Raison a contie
1288 2720 2710 2822 Oieux sist le roy artħoye sainte uertu diseraex
1302 2769 2593 2891 Ie coyque cest elame le courtoise senee
1295 2831 2365 2934 de mai sen fiira ⁊ seu sera alie
1300 2884 2404 2994 Eusemẽt quelle fist a Rõme lõnoree
1288 2946 2558 3049 uou dl fera dist hemry a le brache quaree
1297 3008 2549 3102 Lar iout forons teur cest chite frumer
1293 3056 2756 3185 Pont ont a larcheuesqne celle raison monstrer
1274 3125 2284 3217 Oire che dist henue dengletert
1283 3183 2740 3295 ce uoue pry pour ce luy qui fist ciel et gousee
