<?xml version="1.0" encoding="UTF-8"  standalone="yes"?>
<PcGts xmlns="http://schema.primaresearch.org/PAGE/gts/pagecontent/2019-07-15" xmlns:xsi="http://www.w3.org/2001/XMLSchema-instance" xsi:schemaLocation="http://schema.primaresearch.org/PAGE/gts/pagecontent/2019-07-15 http://schema.primaresearch.org/PAGE/gts/pagecontent/2019-07-15/pagecontent.xsd">
  <Metadata>
	<Creator>escriptorium</Creator>
	<Created>2025-10-15T20:24:24.168776+00:00</Created>
        <LastChange>2025-10-15T20:24:24.168800+00:00</LastChange>

  </Metadata>
  <Page imageFilename="620416201_MS0742_0766_0156A.jpg" imageWidth="3104" imageHeight="4140">

    
    <TextRegion id="eSc_textblock_1c87c664"  custom="structure {type:text;}">
      <Coords points="1626,892 1698,919 1707,1074 1670,1294 1578,1444 1596,1699 1707,1959 1698,2214 1826,2254 1725,2472 1863,2539 1863,2674 1771,2840 1688,2888 1698,3052 1578,3173 1569,3300 1514,3337 1127,3346 119,3318 101,3201 147,3098 119,3045 165,2989 92,2914 119,2187 92,1959 110,1931 156,1959 218,1941 230,1904 163,1874 128,1902 110,1856 110,984 1440,984 1532,975 1553,919 1626,892"/>
      
      
      <TextLine id="eSc_line_ba7e37b9" custom="structure {type:default;}">
        <Coords points="1514,975 1491,977 1468,979 1445,982 1440,982 1433,991 1201,991 1184,984 1168,984 1148,984 1132,993 1019,993 989,984 984,984 961,984 938,984 915,984 892,984 878,984 826,993 710,984 708,984 685,984 662,984 639,984 616,984 593,984 570,984 561,984 543,993 471,984 455,984 432,984 409,984 386,984 363,984 301,993 278,984 271,984 248,984 225,984 202,984 179,984 181,1039 181,1067 800,1078 803,1078 805,1078 826,1069 835,1062 839,1069 846,1074 846,1076 849,1076 851,1076 853,1078 1120,1078 1120,1076 1157,1069 1196,1060 1219,1069 1233,1074 1235,1074 1237,1076 1445,1076 1445,1074 1470,1069 1518,1058 1534,1069 1543,1041 1537,968 1520,968 1514,975"/>
        <Baseline points="181,1039 432,1037 600,1051 1543,1041"/>
        <TextEquiv conf="0.993651470541954">
          <Unicode>Sont ly amñoiner haultemẽt leur escrie</Unicode>
        </TextEquiv>
      </TextLine>

      
      
      <TextLine id="eSc_line_15a697da" custom="structure {type:default;}">
        <Coords points="1281,1046 1279,1046 1277,1046 1263,1060 1118,1060 1095,1060 1095,1058 1074,1046 1056,1046 998,1058 996,1058 156,1055 156,1087 156,1120 232,1108 906,1113 1642,1120 1645,1120 1647,1120 1679,1106 1682,1085 1682,1062 1668,1048 1668,1046 1665,1046 1663,1046 1470,1046 1468,1046 1465,1046 1440,1058 1283,1046 1281,1046"/>
        <Baseline points="156,1087 1056,1097 1682,1085"/>
        <TextEquiv conf="0.9543685586679549">
          <Unicode>uetes uous a heuous our Seu ie uous enprie</Unicode>
        </TextEquiv>
      </TextLine>

      
      
      <TextLine id="eSc_line_4c6e0467" custom="structure {type:default;}">
        <Coords points="1180,1097 1157,1097 1134,1097 1111,1097 1088,1097 1065,1097 1042,1097 1019,1097 996,1097 973,1097 950,1097 927,1097 904,1097 881,1097 858,1097 835,1097 823,1094 190,1094 190,1133 188,1156 1550,1156 1553,1138 1548,1094 1196,1094 1180,1097"/>
        <Baseline points="190,1133 1553,1138"/>
        <TextEquiv conf="0.9851803570985794">
          <Unicode>t ueullirl glur dieu le fil sainte marie</Unicode>
        </TextEquiv>
      </TextLine>

      
      
      <TextLine id="eSc_line_c797b25c" custom="structure {type:default;}">
        <Coords points="165,1182 163,1198 184,1209 186,1209 188,1209 662,1202 676,1214 678,1214 681,1214 683,1214 1410,1205 1412,1189 1410,1150 165,1136 165,1182"/>
        <Baseline points="165,1182 1412,1189"/>
        <TextEquiv conf="0.9708591385467632">
          <Unicode>dutoire doinst no gent ⁊ le cheualeri</Unicode>
        </TextEquiv>
      </TextLine>

      
      
      <TextLine id="eSc_line_56f0174d" custom="structure {type:default;}">
        <Coords points="230,1237 230,1262 632,1255 655,1260 687,1267 690,1267 692,1267 715,1260 727,1255 736,1260 750,1267 752,1267 754,1269 1106,1269 1106,1267 1178,1255 1184,1255 1187,1255 1198,1267 1201,1267 1203,1267 1205,1267 1208,1267 1210,1267 1226,1255 1231,1255 1295,1267 1297,1267 1410,1253 1412,1235 1408,1193 227,1193 230,1237"/>
        <Baseline points="230,1237 1412,1235"/>
        <TextEquiv conf="0.9802724068815057">
          <Unicode>le bou roy heury ale chiere hordn</Unicode>
        </TextEquiv>
      </TextLine>

      
      
      <TextLine id="eSc_line_82f6f454" custom="structure {type:default;}">
        <Coords points="1403,1237 1380,1237 1378,1237 1369,1244 1355,1237 1334,1237 1318,1237 1302,1248 1208,1248 1189,1237 1173,1237 1159,1237 1148,1248 996,1251 832,1239 830,1239 757,1251 729,1237 713,1237 710,1237 687,1253 637,1239 635,1239 632,1239 501,1251 467,1237 460,1237 448,1237 414,1255 184,1239 186,1290 186,1313 446,1317 448,1317 473,1315 533,1306 602,1315 664,1322 667,1322 669,1322 671,1322 678,1315 683,1311 692,1315 722,1327 724,1327 727,1327 796,1315 860,1304 874,1315 881,1320 881,1322 883,1322 885,1322 929,1324 931,1324 934,1324 959,1315 980,1308 1005,1315 1030,1322 1033,1322 1035,1322 1037,1322 1063,1315 1115,1301 1175,1315 1208,1322 1210,1322 1212,1322 1228,1315 1260,1301 1286,1315 1290,1317 1293,1317 1295,1317 1297,1317 1300,1317 1300,1315 1313,1306 1348,1315 1350,1315 1352,1315 1355,1315 1357,1315 1373,1299 1484,1299 1509,1315 1514,1320 1516,1320 1518,1320 1520,1320 1642,1315 1645,1269 1640,1232 1403,1228 1403,1237"/>
        <Baseline points="186,1290 1205,1288 1645,1269"/>
        <TextEquiv conf="0.9889919888682481">
          <Unicode>et que dixus luy ꝑamaiit plaine ladrechie</Unicode>
        </TextEquiv>
      </TextLine>

      
      
      <TextLine id="eSc_line_803458ec" custom="structure {type:default;}">
        <Coords points="209,1350 209,1368 690,1357 738,1359 846,1368 849,1368 943,1366 945,1366 947,1366 947,1363 957,1357 959,1354 964,1357 1003,1366 1005,1366 1007,1366 1010,1366 1051,1354 1053,1354 1065,1354 1267,1363 1270,1363 1375,1350 1435,1361 1438,1361 1440,1361 1497,1345 1497,1331 1491,1294 207,1304 209,1350"/>
        <Baseline points="209,1350 577,1338 1497,1331"/>
        <TextEquiv conf="0.9529878290799948">
          <Unicode>qinis sa griuullg briefmẽt achiere lie</Unicode>
        </TextEquiv>
      </TextLine>

      
      
      <TextLine id="eSc_line_3be85491" custom="structure {type:default;}">
        <Coords points="1327,1334 1325,1334 1323,1334 1320,1334 1281,1350 1277,1352 828,1354 816,1350 807,1343 805,1343 803,1343 800,1343 770,1350 738,1357 727,1350 717,1343 715,1343 713,1343 572,1343 570,1343 517,1350 460,1357 393,1350 368,1347 365,1347 363,1347 358,1350 331,1361 296,1350 289,1347 287,1347 280,1347 276,1350 243,1361 220,1350 220,1398 220,1437 308,1416 349,1435 356,1437 358,1437 361,1437 363,1437 372,1432 425,1412 453,1426 455,1426 457,1426 676,1409 697,1423 708,1432 710,1432 713,1432 715,1435 750,1435 750,1432 899,1430 901,1430 943,1416 982,1403 1152,1403 1166,1409 1180,1421 1182,1421 1184,1421 1249,1426 1251,1426 1254,1426 1256,1426 1256,1423 1277,1407 1277,1405 1461,1400 1461,1382 1456,1350 1343,1350 1329,1336 1329,1334 1327,1334"/>
        <Baseline points="220,1398 1461,1382"/>
        <TextEquiv conf="0.9893171753202166">
          <Unicode>his iucele tressor par mainte pugme</Unicode>
        </TextEquiv>
      </TextLine>

      
      
      <TextLine id="eSc_line_019a3c38" custom="structure {type:default;}">
        <Coords points="181,1453 181,1474 1313,1469 1316,1469 1318,1469 1318,1467 1334,1453 1445,1467 1449,1430 1442,1384 1184,1400 1017,1391 1005,1391 1003,1391 998,1391 927,1405 865,1393 858,1393 855,1393 839,1393 678,1409 179,1407 181,1453"/>
        <Baseline points="181,1453 1449,1430"/>
        <TextEquiv conf="0.9576497362103573">
          <Unicode>sa peinissies uerir scoroe toullerie Itelle</Unicode>
        </TextEquiv>
      </TextLine>

      
      
      <TextLine id="eSc_line_306dc9f3" custom="structure {type:default;}">
        <Coords points="276,1453 271,1453 257,1460 241,1465 184,1460 186,1501 186,1529 460,1522 593,1529 676,1534 678,1534 681,1534 692,1529 713,1520 752,1529 770,1534 773,1534 775,1534 777,1534 793,1529 828,1520 943,1529 984,1531 987,1531 989,1531 991,1531 994,1529 1005,1520 1017,1529 1019,1531 1021,1531 1023,1531 1026,1534 1125,1534 1125,1531 1127,1531 1129,1531 1132,1529 1150,1515 1438,1527 1442,1492 1438,1460 1359,1446 1357,1446 1281,1458 1265,1444 1263,1444 1260,1444 1258,1444 1256,1444 1254,1444 1254,1446 1240,1460 1237,1460 1122,1460 1102,1460 1000,1449 998,1449 996,1449 973,1460 971,1460 968,1460 938,1446 936,1446 934,1446 793,1460 773,1460 763,1460 715,1449 625,1449 623,1449 621,1449 618,1449 618,1451 609,1460 605,1462 598,1460 568,1449 566,1449 563,1449 506,1460 473,1465 460,1460 439,1451 437,1451 434,1451 386,1460 352,1465 322,1460 292,1453 276,1453"/>
        <Baseline points="186,1501 1442,1492"/>
        <TextEquiv conf="0.9734786974417197">
          <Unicode>conqueene fu sy grant uene ne choisie</Unicode>
        </TextEquiv>
      </TextLine>

      
      
      <TextLine id="eSc_line_da31bbc0" custom="structure {type:default;}">
        <Coords points="200,1554 200,1589 264,1575 358,1586 361,1586 363,1586 393,1573 545,1586 568,1586 570,1586 572,1586 575,1584 600,1573 639,1584 641,1584 644,1584 646,1584 694,1570 922,1570 975,1580 996,1584 998,1584 1000,1584 1012,1580 1042,1570 1074,1580 1086,1582 1088,1582 1090,1582 1092,1582 1099,1580 1113,1570 1120,1580 1122,1580 1122,1582 1125,1582 1127,1582 1129,1582 1541,1573 1543,1547 1537,1511 197,1511 200,1554"/>
        <Baseline points="200,1554 1543,1547"/>
        <TextEquiv conf="0.9721960949175286">
          <Unicode>in plus en porauoi omeuxasa parti</Unicode>
        </TextEquiv>
      </TextLine>

      
      
      <TextLine id="eSc_line_1434f824" custom="structure {type:default;}">
        <Coords points="186,1612 188,1639 223,1626 273,1639 280,1639 283,1639 285,1639 333,1637 515,1626 529,1635 536,1639 538,1639 540,1639 543,1639 545,1639 561,1632 586,1623 609,1632 616,1635 618,1635 621,1635 720,1630 862,1623 888,1628 938,1637 941,1637 1134,1626 1219,1635 1221,1635 1224,1635 1226,1635 1242,1621 1260,1635 1263,1635 1265,1635 1267,1637 1366,1637 1366,1635 1369,1635 1371,1635 1392,1619 1392,1605 1387,1573 1109,1573 1106,1570 1076,1559 1074,1559 1072,1559 1023,1570 1017,1570 1014,1570 994,1559 991,1559 989,1559 927,1568 911,1570 881,1568 789,1561 786,1561 784,1561 770,1568 759,1573 681,1568 586,1561 584,1561 582,1561 579,1561 579,1563 577,1563 575,1566 568,1575 184,1566 186,1612"/>
        <Baseline points="186,1612 1392,1605"/>
        <TextEquiv conf="0.9726119283083323">
          <Unicode>a mere son ensaint adout ny atent mie</Unicode>
        </TextEquiv>
      </TextLine>

      
      
      <TextLine id="eSc_line_f748dd1f" custom="structure {type:default;}">
        <Coords points="186,1655 184,1685 1543,1685 1546,1653 1543,1623 186,1623 186,1655"/>
        <Baseline points="186,1655 1320,1662 1546,1653"/>
        <TextEquiv conf="0.9675249428976149">
          <Unicode>ar Recuellier y ot moult tres grant sau ue</Unicode>
        </TextEquiv>
      </TextLine>

      
      
      <TextLine id="eSc_line_da204c5c" custom="structure {type:default;}">
        <Coords points="213,1711 213,1738 1523,1734 1525,1704 1518,1667 211,1672 213,1711"/>
        <Baseline points="213,1711 1525,1704"/>
        <TextEquiv conf="0.9870190104922733">
          <Unicode>namuant pou⁊ lrury ⁊ pour se barõine</Unicode>
        </TextEquiv>
      </TextLine>

      
      
      <TextLine id="eSc_line_bd780319" custom="structure {type:default;}">
        <Coords points="211,1770 211,1798 358,1784 471,1796 492,1796 494,1796 497,1796 503,1793 552,1782 761,1789 876,1793 878,1793 881,1793 906,1787 941,1780 1065,1784 1231,1791 1233,1791 1532,1789 1534,1789 1576,1775 1576,1761 1571,1724 1323,1711 1320,1711 1242,1724 1228,1727 975,1727 971,1724 957,1713 954,1713 952,1713 950,1713 867,1724 832,1727 782,1724 678,1715 566,1715 563,1715 561,1715 545,1724 533,1729 522,1724 508,1718 506,1718 503,1718 501,1718 485,1724 469,1729 457,1724 446,1718 444,1718 441,1718 209,1722 211,1770"/>
        <Baseline points="211,1770 1576,1761"/>
        <TextEquiv conf="0.9922213899461847">
          <Unicode>lame les entent mais uy fu pau blerhie</Unicode>
        </TextEquiv>
      </TextLine>

      
      
      <TextLine id="eSc_line_cd120569" custom="structure {type:default;}">
        <Coords points="167,1823 167,1849 1316,1849 1316,1846 1318,1846 1359,1833 1359,1816 1348,1768 1332,1780 1265,1768 1254,1768 1251,1768 1237,1768 1155,1780 1003,1770 959,1768 957,1768 954,1768 952,1768 950,1770 936,1782 913,1770 911,1770 908,1770 906,1770 883,1770 671,1782 595,1773 579,1770 577,1770 575,1770 572,1770 572,1773 556,1784 508,1773 506,1773 393,1773 391,1773 388,1773 386,1773 386,1775 375,1784 165,1775 167,1823"/>
        <Baseline points="167,1823 1359,1816"/>
        <TextEquiv conf="0.9813103352274214">
          <Unicode>ar ne dõne dauoir une nõme pourie</Unicode>
        </TextEquiv>
      </TextLine>

      
      
      <TextLine id="eSc_line_7e7d5524" custom="structure {type:default;}">
        <Coords points="308,1876 308,1899 497,1895 506,1899 517,1908 520,1908 522,1908 524,1908 653,1897 701,1895 710,1897 736,1908 738,1908 858,1911 860,1911 987,1908 989,1908 1033,1895 1042,1892 1046,1895 1072,1908 1074,1908 1076,1911 1161,1911 1161,1908 1164,1908 1189,1895 1194,1892 1196,1895 1226,1908 1228,1908 1231,1911 1527,1911 1527,1908 1615,1890 1617,1872 1612,1828 306,1828 308,1876"/>
        <Baseline points="308,1876 1617,1872"/>
        <TextEquiv conf="0.9808892279863357">
          <Unicode>euant Rõme le grant fu le bataillesiere</Unicode>
        </TextEquiv>
      </TextLine>

      
      
      <TextLine id="eSc_line_b532eafc" custom="structure {type:default;}">
        <Coords points="299,1934 296,1959 697,1966 699,1966 701,1966 717,1959 729,1954 757,1959 805,1966 807,1966 809,1966 828,1959 837,1954 849,1959 874,1966 876,1966 878,1966 881,1966 899,1959 908,1954 911,1959 918,1964 918,1966 920,1966 922,1966 1046,1968 1049,1968 1161,1957 1175,1957 1182,1957 1235,1968 1237,1968 1240,1968 1279,1957 1283,1957 1286,1957 1325,1968 1327,1968 1329,1968 1380,1957 1392,1966 1392,1968 1394,1968 1396,1968 1398,1971 1564,1971 1564,1968 1647,1954 1649,1938 1645,1890 1431,1897 1373,1885 1350,1883 1348,1883 1318,1885 1235,1897 1191,1885 1182,1883 1180,1883 1178,1883 1175,1883 1171,1885 1145,1899 1026,1899 1005,1885 1003,1885 1000,1885 998,1885 805,1895 729,1881 722,1881 720,1881 713,1881 646,1892 632,1881 630,1881 628,1881 625,1881 623,1881 538,1895 299,1879 299,1934"/>
        <Baseline points="299,1934 1649,1938"/>
        <TextEquiv conf="0.9862850921021568">
          <Unicode>Crestien et payen ymuerela hasquiere</Unicode>
        </TextEquiv>
      </TextLine>

      
      
      <TextLine id="eSc_line_18fb9ddb" custom="structure {type:default;}">
        <Coords points="209,1994 207,2010 253,2021 255,2021 342,2012 377,2007 384,2012 400,2023 402,2023 404,2023 572,2026 575,2026 653,2012 674,2010 683,2012 720,2028 722,2028 724,2028 727,2028 763,2017 869,2028 872,2028 874,2028 915,2014 922,2012 924,2014 943,2026 945,2026 947,2026 950,2026 952,2026 996,2014 998,2014 1000,2014 1049,2030 1051,2030 1053,2030 1178,2014 1187,2014 1203,2030 1203,2033 1205,2033 1208,2033 1210,2033 1419,2017 1424,2017 1426,2017 1507,2035 1509,2037 1635,2037 1635,2035 1638,2035 1693,2017 1695,2007 1695,1968 1622,1968 1619,1966 1601,1952 1599,1952 1596,1952 1594,1952 1304,1964 1274,1964 1267,1964 1198,1948 1196,1948 1194,1948 1145,1959 1111,1948 1109,1948 1106,1948 1104,1948 1076,1961 1069,1961 936,1945 934,1945 752,1959 729,1959 727,1959 706,1948 704,1948 701,1948 644,1957 623,1943 621,1943 618,1943 457,1941 455,1941 453,1941 450,1941 427,1954 425,1954 209,1954 209,1994"/>
        <Baseline points="209,1994 1695,2007"/>
        <TextEquiv conf="0.9827076673507691">
          <Unicode>lente se sarazin y gisent mort sanspere biere</Unicode>
        </TextEquiv>
      </TextLine>

      
      
      <TextLine id="eSc_line_e123bae7" custom="structure {type:default;}">
        <Coords points="1371,2005 1348,2005 1339,2014 1336,2017 1235,2017 1224,2012 1208,2003 1187,2003 1164,2003 1141,2003 1118,2003 1095,2003 1079,2003 1076,2003 1074,2003 1074,2005 1069,2010 1065,2014 1051,2010 1033,2003 1026,2003 1003,2003 980,2003 957,2003 934,2000 911,2000 888,2000 885,2000 883,2000 881,2000 881,2003 876,2005 867,2014 839,2005 823,2000 821,2000 819,2000 816,2000 814,2000 809,2005 800,2014 533,2014 508,2000 503,1998 497,1998 487,1998 483,2000 455,2010 358,1998 338,1996 335,1996 326,1998 266,2010 197,1996 197,2044 195,2072 333,2070 345,2076 356,2081 358,2081 361,2081 363,2081 386,2076 411,2070 423,2076 434,2081 437,2081 439,2081 469,2076 501,2070 529,2076 559,2083 561,2083 563,2083 605,2076 632,2072 678,2076 750,2083 752,2083 754,2083 768,2076 777,2072 809,2076 874,2086 876,2086 980,2076 1014,2074 1037,2076 1097,2086 1099,2086 1102,2086 1136,2076 1145,2074 1150,2076 1157,2083 1157,2086 1159,2086 1161,2086 1274,2088 1277,2088 1596,2076 1599,2058 1596,2019 1389,2005 1371,2005"/>
        <Baseline points="197,2044 623,2056 1599,2058"/>
        <TextEquiv conf="0.9732086420059204">
          <Unicode>⁊ campa fu caux et sces q̃rande suly p̃eriere</Unicode>
        </TextEquiv>
      </TextLine>

      
      
      <TextLine id="eSc_line_47e8c754" custom="structure {type:default;}">
        <Coords points="1060,2058 1058,2058 1056,2058 1033,2058 1010,2058 987,2058 964,2058 941,2058 918,2058 895,2058 885,2058 883,2058 881,2058 878,2058 867,2067 849,2076 773,2067 710,2058 708,2058 706,2058 704,2058 694,2067 678,2076 577,2076 559,2067 533,2056 531,2056 450,2056 448,2056 446,2056 444,2056 444,2058 434,2067 430,2070 423,2067 393,2056 391,2056 388,2056 184,2065 184,2097 184,2129 570,2129 600,2143 602,2143 605,2143 697,2132 731,2143 734,2143 736,2143 968,2132 998,2143 1000,2143 1003,2143 1005,2143 1037,2129 1148,2145 1150,2145 1152,2145 1155,2145 1173,2129 1242,2145 1244,2145 1691,2127 1693,2113 1691,2067 1656,2060 1654,2060 1652,2060 1640,2067 1624,2076 1610,2067 1606,2063 1603,2063 1601,2063 1447,2060 1445,2060 1442,2060 1440,2060 1433,2067 1412,2081 1150,2081 1086,2076 1072,2067 1063,2058 1060,2058"/>
        <Baseline points="184,2097 464,2111 1693,2113"/>
        <TextEquiv conf="0.9666195078329607">
          <Unicode>aer ches crmps peuissies ueoir mponte uamere</Unicode>
        </TextEquiv>
      </TextLine>

      
      
      <TextLine id="eSc_line_cad3965f" custom="structure {type:default;}">
        <Coords points="193,2162 190,2187 1523,2189 1527,2166 1525,2129 1415,2116 1412,2116 1410,2116 1364,2129 1357,2129 1355,2129 1339,2116 1336,2116 1334,2116 1332,2116 1329,2116 1288,2127 1281,2132 1109,2132 1097,2127 1037,2116 1035,2116 1033,2116 1003,2127 1000,2129 996,2127 975,2118 973,2118 971,2118 717,2127 713,2127 674,2116 671,2116 669,2116 667,2116 664,2116 651,2127 651,2129 471,2129 471,2127 434,2113 432,2113 342,2113 340,2113 338,2113 308,2127 289,2113 287,2113 285,2113 211,2113 209,2113 207,2113 204,2113 193,2120 193,2162"/>
        <Baseline points="193,2162 1527,2166"/>
        <TextEquiv conf="0.9721254453063011">
          <Unicode>ꝰ cois hurtaux tenoit ene haicle plemere</Unicode>
        </TextEquiv>
      </TextLine>

      
      
      <TextLine id="eSc_line_781c6420" custom="structure {type:default;}">
        <Coords points="257,2221 255,2254 319,2256 322,2256 324,2256 326,2256 329,2254 347,2240 460,2240 476,2254 478,2254 478,2256 480,2256 483,2256 485,2256 529,2251 612,2244 641,2251 671,2258 674,2258 676,2258 678,2258 681,2258 692,2251 701,2244 729,2251 768,2258 770,2258 773,2258 775,2258 786,2249 798,2242 809,2249 814,2254 816,2254 819,2254 821,2254 888,2249 980,2242 1021,2247 1104,2260 1106,2263 1295,2263 1295,2260 1507,2242 1509,2228 1507,2191 1424,2178 1421,2178 1419,2178 1392,2189 1355,2178 1352,2178 1350,2178 1348,2178 1316,2189 1313,2189 1297,2189 1145,2178 1143,2178 1141,2178 1102,2187 1090,2189 1079,2187 1019,2175 830,2175 828,2175 826,2175 823,2175 807,2185 805,2187 789,2185 722,2175 720,2175 717,2175 699,2185 697,2187 692,2185 678,2173 676,2173 674,2173 671,2173 618,2185 612,2185 609,2185 593,2173 591,2173 589,2173 586,2173 584,2173 556,2182 554,2185 549,2182 522,2173 520,2173 517,2173 515,2173 485,2182 476,2185 257,2182 257,2221"/>
        <Baseline points="257,2221 1509,2228"/>
        <TextEquiv conf="0.9883072269268525">
          <Unicode>fiert un crestien qui fu nes de uaniere</Unicode>
        </TextEquiv>
      </TextLine>

      
      
      <TextLine id="eSc_line_cb112ac3" custom="structure {type:default;}">
        <Coords points="1803,2249 1682,2249 1679,2247 1661,2235 1658,2235 1656,2235 1654,2235 1652,2235 1622,2247 1589,2231 1587,2231 1488,2231 1486,2231 1484,2231 1481,2231 1458,2247 1456,2247 1451,2247 1401,2233 1398,2233 1396,2233 1394,2233 1359,2244 1355,2247 1313,2244 1134,2235 1132,2235 1129,2235 1106,2244 1099,2247 1092,2244 1063,2233 1060,2233 1058,2233 1056,2233 1030,2244 1023,2247 1003,2244 952,2235 950,2235 947,2235 927,2244 920,2247 915,2242 899,2231 897,2231 895,2231 786,2231 784,2231 782,2231 757,2242 745,2247 734,2242 701,2231 699,2231 697,2231 694,2231 692,2231 676,2242 669,2247 653,2242 618,2231 616,2231 614,2231 612,2231 575,2242 554,2247 492,2242 492,2283 490,2306 664,2320 667,2320 759,2309 777,2306 784,2309 823,2323 826,2323 828,2323 830,2323 872,2309 876,2306 878,2309 899,2323 901,2323 904,2323 906,2323 908,2323 966,2309 968,2309 1120,2309 1122,2309 1150,2323 1152,2323 1155,2323 1304,2309 1343,2306 1477,2306 1486,2309 1516,2323 1518,2323 1520,2323 1817,2309 1820,2286 1815,2263 1803,2249"/>
        <Baseline points="492,2283 1820,2286"/>
        <TextEquiv conf="0.9964639544487">
          <Unicode>rescoutes serarmures ny ualent uneosiere</Unicode>
        </TextEquiv>
      </TextLine>

      
      
      <TextLine id="eSc_line_0e32c9ed" custom="structure {type:default;}">
        <Coords points="890,2286 888,2286 885,2286 883,2286 869,2293 853,2302 805,2290 775,2286 773,2286 736,2290 641,2302 577,2286 561,2286 538,2286 536,2286 480,2300 418,2281 407,2279 404,2279 402,2279 333,2279 317,2281 315,2281 283,2297 170,2277 170,2332 167,2352 867,2373 869,2373 908,2366 941,2362 947,2369 952,2371 952,2373 954,2373 957,2373 1097,2375 1099,2375 1221,2373 1465,2366 1557,2378 1562,2343 1560,2311 1491,2295 1488,2295 1419,2306 1403,2309 1396,2306 1364,2293 1362,2293 1359,2293 1205,2302 1109,2306 1095,2300 1081,2288 1079,2288 1076,2288 1074,2288 991,2295 911,2304 899,2293 892,2288 892,2286 890,2286"/>
        <Baseline points="170,2332 934,2350 1562,2343"/>
        <TextEquiv conf="0.9721724390983582">
          <Unicode>Parmy ly detrencha le bachin parderiere</Unicode>
        </TextEquiv>
      </TextLine>

      
      
      <TextLine id="eSc_line_52b8a9d2" custom="structure {type:default;}">
        <Coords points="950,2350 927,2350 911,2350 865,2357 167,2336 167,2385 165,2408 386,2408 398,2412 441,2428 444,2428 446,2428 683,2417 736,2431 738,2431 740,2431 835,2417 851,2415 860,2417 908,2433 911,2433 913,2433 915,2433 957,2419 1058,2438 1060,2438 1279,2431 1316,2442 1318,2442 1320,2442 1626,2424 1629,2398 1624,2355 1502,2366 1474,2352 1472,2352 1470,2352 1468,2352 1373,2364 1343,2352 1341,2352 1339,2352 1336,2352 1334,2352 1318,2364 1270,2350 1267,2350 1265,2350 1164,2362 966,2359 957,2350 950,2350"/>
        <Baseline points="167,2385 1214,2405 1629,2398"/>
        <TextEquiv conf="0.9515606399546278">
          <Unicode>nort / labaty ly qloua par dessont̃ l gasquiere</Unicode>
        </TextEquiv>
      </TextLine>

      
      
      <TextLine id="eSc_line_05d4209a" custom="structure {type:default;}">
        <Coords points="170,2447 170,2467 296,2467 308,2477 308,2479 310,2479 312,2479 315,2479 317,2479 354,2470 375,2484 377,2484 379,2484 381,2484 697,2472 720,2472 722,2472 757,2488 759,2488 761,2488 858,2477 888,2488 890,2488 1136,2493 1138,2493 1318,2481 1341,2495 1343,2495 1346,2495 1348,2495 1350,2495 1410,2481 1573,2497 1576,2497 1679,2481 1682,2461 1679,2431 1385,2431 1357,2421 1311,2410 1309,2410 1306,2410 1260,2419 1226,2426 961,2426 938,2412 927,2403 924,2403 922,2403 920,2403 885,2410 842,2421 826,2410 821,2405 821,2403 819,2403 816,2403 545,2398 543,2398 524,2401 467,2415 393,2398 379,2396 280,2396 278,2396 276,2396 273,2396 250,2412 170,2394 170,2447"/>
        <Baseline points="170,2447 1132,2465 1682,2461"/>
        <TextEquiv conf="0.9507826262050205">
          <Unicode>Noult dmanstroit qur taux ano gent sa maniere</Unicode>
        </TextEquiv>
      </TextLine>

      
      
      <TextLine id="eSc_line_b503076c" custom="structure {type:default;}">
        <Coords points="1021,2465 915,2467 736,2472 727,2463 727,2461 724,2461 724,2458 722,2458 720,2458 717,2458 694,2458 671,2458 655,2456 623,2456 621,2456 618,2456 612,2458 591,2467 510,2456 490,2454 487,2454 464,2454 462,2454 326,2463 283,2449 280,2449 278,2449 276,2449 273,2449 271,2449 225,2461 167,2447 165,2497 163,2527 234,2530 236,2530 239,2530 241,2530 271,2516 324,2527 326,2527 375,2518 411,2532 421,2534 423,2534 425,2534 427,2534 439,2532 471,2520 490,2532 492,2532 494,2532 497,2532 508,2532 621,2523 644,2534 658,2539 660,2539 662,2539 692,2534 715,2530 736,2534 761,2541 763,2541 766,2541 844,2534 920,2530 968,2536 1044,2548 1046,2548 1111,2539 1118,2548 1120,2548 1120,2550 1122,2550 1125,2550 1127,2550 1196,2539 1214,2536 1219,2539 1237,2553 1240,2553 1242,2553 1371,2555 1373,2555 1375,2555 1378,2555 1401,2541 1433,2557 1435,2557 1438,2557 1520,2541 1523,2520 1520,2486 1286,2486 1256,2477 1226,2470 1224,2470 1221,2470 1178,2474 1125,2481 1065,2472 1023,2465 1021,2465"/>
        <Baseline points="165,2497 1178,2525 1523,2520"/>
        <TextEquiv conf="0.9773631284876567">
          <Unicode>ee mors et des naures su telbe ly litiere</Unicode>
        </TextEquiv>
      </TextLine>

      
      
      <TextLine id="eSc_line_5c797231" custom="structure {type:default;}">
        <Coords points="1836,2525 1525,2511 1523,2520 1500,2523 1495,2523 1493,2525 1474,2534 1083,2534 1014,2532 1005,2523 1003,2520 994,2520 971,2520 947,2520 927,2520 904,2518 862,2520 784,2525 729,2520 635,2511 632,2511 450,2516 391,2504 375,2504 368,2504 352,2516 246,2504 243,2504 144,2516 144,2546 142,2571 520,2589 522,2589 524,2589 552,2578 554,2578 563,2578 639,2589 641,2589 717,2580 747,2578 759,2582 800,2596 803,2596 805,2596 901,2582 929,2580 936,2585 945,2592 947,2592 950,2592 952,2592 1046,2585 1069,2585 1074,2587 1118,2603 1120,2603 1122,2603 1196,2592 1336,2605 1339,2605 1840,2596 1843,2566 1840,2527 1836,2525"/>
        <Baseline points="144,2546 706,2557 1187,2580 1843,2566"/>
        <TextEquiv conf="0.9659100255140891">
          <Unicode>que par monchianxo gissoient aisysunegestẽ ⁊ esiere</Unicode>
        </TextEquiv>
      </TextLine>

      
      
      <TextLine id="eSc_line_35c490c4" custom="structure {type:default;}">
        <Coords points="1021,2573 998,2573 943,2585 915,2589 878,2582 819,2571 816,2571 814,2571 791,2580 780,2569 780,2566 777,2566 775,2566 773,2566 600,2576 586,2576 584,2576 570,2564 568,2564 566,2564 563,2564 446,2571 444,2571 370,2559 368,2559 365,2559 363,2559 349,2569 335,2578 319,2569 294,2557 292,2557 289,2557 170,2564 170,2608 170,2628 404,2628 423,2635 437,2642 439,2642 441,2642 444,2642 460,2638 480,2631 510,2638 536,2645 538,2645 540,2645 579,2640 637,2633 729,2645 777,2649 780,2649 814,2647 899,2638 920,2649 934,2656 936,2656 938,2656 984,2651 1035,2645 1106,2654 1164,2661 1166,2661 1203,2656 1283,2645 1306,2658 1311,2663 1313,2663 1316,2663 1410,2665 1412,2665 1451,2663 1580,2651 1603,2668 1606,2668 1608,2668 1778,2670 1783,2638 1780,2605 1214,2582 1212,2582 1210,2582 1182,2589 1166,2594 1159,2589 1148,2580 1145,2580 1143,2580 1141,2580 1138,2580 1109,2587 1092,2592 1074,2587 1023,2573 1021,2573"/>
        <Baseline points="170,2608 724,2612 1260,2635 1783,2638"/>
        <TextEquiv conf="0.9415898346900939">
          <Unicode>enle crestieus Reclamẽt Iqũs a wis legiere plere</Unicode>
        </TextEquiv>
      </TextLine>

      
      
      <TextLine id="eSc_line_ccfe5850" custom="structure {type:default;}">
        <Coords points="1067,2628 941,2640 803,2624 796,2624 793,2624 791,2624 763,2638 722,2622 717,2622 715,2622 278,2617 278,2661 276,2684 796,2691 796,2693 819,2711 819,2714 821,2714 823,2714 929,2716 931,2716 998,2702 1295,2720 1297,2720 1362,2709 1380,2720 1382,2720 1385,2720 1387,2720 1389,2720 1417,2707 1479,2723 1481,2723 1484,2723 1840,2707 1843,2677 1838,2640 1150,2642 1069,2628 1067,2628"/>
        <Baseline points="278,2661 1148,2686 1843,2677"/>
        <TextEquiv conf="0.9556272891727654">
          <Unicode>rõman dandre art y husquoient sainie</Unicode>
        </TextEquiv>
      </TextLine>

      
      
      <TextLine id="eSc_line_0aa1e0f0" custom="structure {type:default;}">
        <Coords points="167,2709 165,2737 338,2737 340,2737 363,2748 365,2748 368,2748 455,2739 473,2737 492,2739 575,2750 577,2750 678,2739 697,2739 713,2741 823,2757 826,2757 892,2741 897,2741 901,2741 947,2760 950,2760 952,2760 1012,2750 1214,2762 1217,2762 1219,2762 1221,2762 1233,2750 1270,2764 1272,2764 1274,2766 1398,2766 1398,2764 1401,2764 1403,2764 1421,2750 1468,2766 1470,2766 1472,2766 1564,2755 1596,2766 1599,2766 1601,2766 1603,2766 1645,2748 1647,2737 1645,2704 167,2668 167,2709"/>
        <Baseline points="167,2709 722,2723 1003,2741 1647,2737"/>
        <TextEquiv conf="0.9450302869081497">
          <Unicode>araqin reculerent lie ules unecumora</Unicode>
        </TextEquiv>
      </TextLine>

      
      
      <TextLine id="eSc_line_4dc212cb" custom="structure {type:default;}">
        <Coords points="1640,2739 1592,2757 1541,2743 1539,2743 1537,2743 1534,2743 1500,2757 1465,2741 1463,2741 1461,2741 1458,2741 1456,2741 1435,2755 1419,2741 1419,2739 1417,2739 1415,2739 1412,2739 1410,2739 1408,2739 1389,2755 1369,2739 1366,2739 1364,2739 1362,2739 1359,2739 1357,2739 1339,2755 1263,2755 1244,2741 1228,2741 1217,2741 1205,2750 1044,2750 1028,2741 1021,2741 998,2741 975,2741 957,2739 911,2746 899,2734 883,2734 860,2732 853,2732 826,2743 784,2732 766,2725 745,2725 722,2725 701,2723 584,2732 561,2732 549,2732 464,2718 446,2718 441,2716 423,2727 400,2716 379,2716 326,2730 306,2734 285,2730 223,2714 220,2714 218,2714 216,2714 170,2727 170,2769 170,2801 211,2789 529,2792 734,2812 743,2812 745,2812 747,2812 800,2801 816,2815 819,2815 821,2815 823,2815 826,2815 828,2815 846,2803 989,2817 1017,2819 1019,2819 1051,2819 1221,2810 1277,2824 1286,2824 1288,2824 1295,2824 1355,2810 1419,2826 1426,2826 1428,2826 1449,2826 1617,2819 1737,2831 1741,2799 1741,2739 1645,2739 1642,2739 1640,2739"/>
        <Baseline points="170,2769 589,2769 1118,2796 1741,2799"/>
        <TextEquiv conf="0.9777630841867491">
          <Unicode>estandart rois hurtant fuierses sut berbiere</Unicode>
        </TextEquiv>
      </TextLine>

      
      
      <TextLine id="eSc_line_f7138aa1" custom="structure {type:default;}">
        <Coords points="1037,2794 1014,2792 1007,2792 994,2799 876,2787 874,2787 828,2796 807,2780 805,2780 803,2780 800,2780 798,2780 745,2796 623,2778 621,2778 292,2785 234,2773 232,2773 163,2789 163,2826 161,2856 248,2842 303,2856 306,2856 308,2856 370,2845 398,2858 400,2858 402,2858 404,2858 446,2845 579,2856 582,2856 584,2856 586,2856 600,2847 648,2858 664,2863 667,2863 669,2863 671,2863 687,2858 722,2849 743,2858 757,2865 759,2865 761,2865 791,2858 832,2849 846,2858 860,2870 862,2870 865,2870 1173,2872 1175,2872 1178,2872 1219,2861 1240,2875 1242,2875 1244,2875 1247,2875 1380,2865 1587,2877 1589,2877 1592,2877 1629,2858 1631,2845 1629,2808 1053,2801 1044,2794 1037,2794"/>
        <Baseline points="163,2826 531,2822 977,2842 1631,2845"/>
        <TextEquiv conf="0.983030242975368">
          <Unicode>uout ueissies uoul los paien l trauresriere</Unicode>
        </TextEquiv>
      </TextLine>

      
      
      <TextLine id="eSc_line_c2b1b88a" custom="structure {type:default;}">
        <Coords points="1210,2845 1205,2845 1189,2852 1168,2858 901,2847 899,2847 897,2847 878,2856 832,2845 809,2838 807,2838 805,2838 803,2838 786,2842 747,2856 708,2842 692,2835 690,2835 687,2835 685,2835 667,2840 641,2847 563,2838 531,2835 529,2835 526,2835 522,2838 483,2854 434,2835 427,2833 425,2833 423,2833 421,2833 414,2835 379,2849 345,2833 342,2833 340,2833 154,2831 154,2881 151,2921 294,2921 294,2918 296,2918 299,2918 352,2902 462,2902 480,2918 483,2918 485,2918 487,2918 490,2918 494,2916 531,2904 674,2904 734,2916 777,2923 780,2923 865,2914 881,2914 883,2914 911,2925 913,2925 1168,2927 1171,2927 1173,2927 1175,2927 1194,2914 1217,2930 1219,2930 1221,2930 1224,2932 1341,2932 1341,2930 1484,2909 1486,2898 1481,2858 1343,2849 1341,2849 1302,2854 1247,2861 1235,2852 1224,2845 1210,2845"/>
        <Baseline points="154,2881 699,2886 1026,2904 1486,2898"/>
        <TextEquiv conf="0.983952564162177">
          <Unicode>norez et demorainsy que gent uergiere</Unicode>
        </TextEquiv>
      </TextLine>

      
      
      <TextLine id="eSc_line_ea3ff03d" custom="structure {type:default;}">
        <Coords points="1463,2900 1458,2902 1421,2921 1364,2909 1362,2909 1295,2918 1277,2904 1274,2904 1272,2904 1270,2904 1267,2904 1233,2918 1079,2904 1076,2904 1074,2904 1072,2904 1058,2916 975,2904 973,2904 971,2904 968,2904 945,2916 911,2904 892,2898 890,2898 869,2898 842,2904 812,2911 793,2904 763,2893 761,2893 759,2893 757,2893 717,2904 701,2909 690,2904 658,2891 655,2891 653,2891 480,2902 444,2888 441,2888 439,2888 361,2902 331,2888 329,2888 326,2888 324,2888 322,2888 322,2891 319,2891 315,2895 315,2946 312,2962 368,2976 370,2976 372,2976 398,2964 421,2976 423,2976 425,2976 427,2976 430,2976 430,2973 441,2964 448,2964 570,2976 572,2976 699,2966 710,2966 713,2966 759,2985 761,2985 763,2985 872,2969 888,2983 888,2985 890,2985 892,2985 895,2985 980,2973 994,2985 994,2987 996,2987 998,2987 1000,2989 1060,2989 1060,2987 1063,2987 1065,2987 1065,2985 1079,2973 1092,2985 1092,2987 1095,2987 1097,2987 1157,2989 1159,2992 1403,2992 1403,2989 1405,2989 1408,2989 1426,2978 1440,2989 1440,2992 1442,2992 1445,2992 1447,2992 1583,2973 1585,2955 1580,2902 1468,2900 1465,2900 1463,2900"/>
        <Baseline points="315,2946 1063,2964 1585,2955"/>
        <TextEquiv conf="0.9719388286272684">
          <Unicode>tande fu le uataile ⁊ hiere lemellie</Unicode>
        </TextEquiv>
      </TextLine>

      
      
      <TextLine id="eSc_line_e088d529" custom="structure {type:default;}">
        <Coords points="1102,2964 1079,2964 1065,2964 1063,2966 1053,2973 1014,2964 1010,2964 987,2964 964,2962 957,2962 947,2964 906,2973 892,2962 890,2960 872,2960 849,2960 828,2960 747,2973 699,2957 692,2955 687,2955 664,2955 641,2955 632,2955 579,2962 503,2953 480,2950 478,2950 473,2950 434,2966 421,2953 418,2953 416,2953 414,2953 365,2962 352,2950 352,2948 349,2948 347,2948 342,2948 319,2948 296,2948 296,3001 294,3029 322,3047 324,3047 326,3047 329,3049 329,3047 331,3047 333,3047 365,3026 409,3026 526,3026 529,3029 552,3047 554,3047 556,3047 559,3047 561,3047 563,3047 582,3031 586,3029 671,3029 678,3033 704,3052 706,3052 708,3052 710,3052 713,3052 759,3033 770,3031 803,3035 927,3054 929,3054 931,3054 971,3040 973,3038 973,3040 989,3052 989,3054 991,3054 994,3054 1210,3056 1212,3056 1283,3047 1357,3035 1468,3040 1477,3052 1484,3056 1484,3058 1486,3058 1488,3058 1491,3058 1677,3054 1679,3012 1677,2983 1617,2983 1615,2980 1592,2964 1589,2964 1587,2964 1585,2964 1583,2964 1539,2978 1527,2980 1493,2978 1401,2966 1398,2966 1396,2966 1369,2973 1348,2978 1141,2978 1118,2966 1111,2964 1102,2964"/>
        <Baseline points="296,3001 1021,3019 1679,3012"/>
        <TextEquiv conf="0.9797877922654152">
          <Unicode>hurtat qual Il chosy son ensengne uersee</Unicode>
        </TextEquiv>
      </TextLine>

      
      
      <TextLine id="eSc_line_323fceb4" custom="structure {type:default;}">
        <Coords points="179,3065 177,3084 184,3091 184,3093 186,3093 188,3093 190,3093 193,3093 234,3084 310,3098 312,3098 315,3098 354,3084 554,3088 575,3102 577,3102 579,3102 582,3102 641,3088 648,3088 660,3091 724,3100 727,3100 855,3095 904,3093 934,3095 1060,3114 1063,3116 1175,3116 1175,3114 1178,3114 1210,3102 1231,3095 1247,3104 1270,3116 1272,3116 1502,3118 1504,3118 1507,3118 1525,3111 1548,3100 1580,3111 1587,3084 1585,3042 1412,3045 1375,3035 1327,3024 1325,3024 1323,3024 1320,3024 1286,3033 1254,3042 1026,3040 1014,3029 1014,3026 1012,3026 1010,3026 1007,3026 994,3026 890,3038 839,3038 821,3022 816,3017 814,3017 812,3017 752,3017 750,3017 747,3017 738,3022 708,3035 669,3019 658,3015 655,3015 582,3015 579,3015 577,3015 575,3015 572,3017 559,3029 543,3017 543,3015 540,3015 538,3015 480,3012 358,3012 356,3012 354,3012 352,3012 331,3029 315,3015 312,3015 310,3015 308,3015 306,3015 257,3026 179,3008 179,3065"/>
        <Baseline points="179,3065 1587,3084"/>
        <TextEquiv conf="0.9953367799520493">
          <Unicode>e en fu moult dolens en tuer et enpenser</Unicode>
        </TextEquiv>
      </TextLine>

      
      
      <TextLine id="eSc_line_f47ab80e" custom="structure {type:default;}">
        <Coords points="908,3077 895,3077 888,3079 867,3084 839,3077 826,3075 816,3075 793,3075 784,3075 761,3077 664,3086 644,3075 641,3072 639,3072 637,3072 635,3072 632,3072 625,3075 584,3086 524,3072 508,3070 494,3070 471,3070 448,3070 425,3070 402,3070 379,3070 375,3070 372,3070 370,3070 368,3070 368,3072 354,3086 264,3086 250,3072 250,3070 248,3070 246,3070 172,3068 172,3123 170,3139 184,3150 186,3150 188,3150 190,3150 283,3139 478,3150 480,3150 483,3150 520,3141 531,3139 545,3141 600,3153 602,3153 605,3153 625,3144 630,3141 798,3141 821,3148 842,3153 844,3153 846,3153 936,3150 1079,3144 1097,3153 1099,3155 1102,3155 1104,3155 1106,3155 1109,3155 1113,3153 1129,3144 1141,3153 1141,3155 1143,3155 1145,3155 1148,3157 1258,3157 1260,3130 1258,3086 929,3088 918,3079 915,3077 908,3077"/>
        <Baseline points="172,3123 1260,3130"/>
        <TextEquiv conf="0.9828772991895676">
          <Unicode>lle finite se mist ou fous dine uale</Unicode>
        </TextEquiv>
      </TextLine>

      
      
      <TextLine id="eSc_line_ebeefabd" custom="structure {type:default;}">
        <Coords points="163,3169 161,3180 285,3201 471,3203 473,3203 476,3203 515,3192 517,3192 520,3192 575,3208 577,3208 579,3208 660,3196 676,3194 687,3196 722,3208 724,3208 727,3208 729,3208 731,3208 745,3199 747,3196 763,3199 812,3208 814,3208 927,3203 957,3203 961,3206 989,3217 991,3217 994,3217 1049,3208 1069,3203 1076,3208 1090,3219 1092,3219 1095,3219 1097,3222 1507,3222 1509,3199 1509,3162 1201,3157 1194,3153 1166,3144 1164,3144 1161,3144 1111,3150 1097,3153 1079,3150 984,3137 163,3130 163,3169"/>
        <Baseline points="163,3169 1509,3199"/>
        <TextEquiv conf="0.9898583779209539">
          <Unicode>euers casre le dlant a se uoie touruee</Unicode>
        </TextEquiv>
      </TextLine>

      
      
      <TextLine id="eSc_line_e61d2e80" custom="structure {type:default;}">
        <Coords points="876,3185 869,3185 823,3194 812,3196 800,3194 768,3183 761,3183 738,3183 717,3183 600,3190 497,3194 398,3185 317,3176 315,3176 312,3176 310,3176 303,3183 296,3187 287,3180 278,3173 276,3173 273,3173 271,3173 117,3176 117,3219 115,3238 444,3259 446,3259 448,3259 450,3259 464,3249 464,3247 467,3249 480,3261 483,3261 485,3261 487,3261 575,3252 586,3252 591,3252 614,3263 616,3263 618,3263 855,3261 1132,3256 1178,3270 1189,3272 1191,3272 1194,3272 1210,3270 1258,3261 1323,3272 1327,3245 1327,3208 961,3192 959,3192 957,3192 943,3196 934,3201 922,3196 897,3185 876,3185"/>
        <Baseline points="117,3219 485,3236 1327,3245"/>
        <TextEquiv conf="0.9917736252148946">
          <Unicode>Gaut yot d mors aycelle purnec</Unicode>
        </TextEquiv>
      </TextLine>

      
      
      <TextLine id="eSc_line_4225ffbe" custom="structure {type:default;}">
        <Coords points="513,3238 490,3238 473,3236 167,3229 167,3270 165,3325 365,3344 368,3344 370,3344 372,3344 393,3328 409,3318 421,3328 439,3344 439,3346 441,3346 444,3346 540,3348 543,3348 545,3348 547,3348 561,3337 575,3348 577,3348 579,3348 582,3348 584,3348 623,3337 637,3351 639,3351 641,3351 644,3351 727,3339 743,3353 745,3353 747,3353 750,3353 869,3332 899,3328 906,3332 918,3341 918,3344 920,3344 922,3344 924,3344 927,3344 929,3344 943,3332 973,3357 975,3357 977,3357 1083,3360 1086,3360 1136,3357 1138,3357 1141,3357 1141,3355 1161,3337 1256,3337 1334,3337 1336,3337 1355,3348 1357,3348 1359,3348 1362,3348 1364,3348 1387,3337 1389,3337 1527,3337 1532,3295 1532,3263 531,3238 513,3238"/>
        <Baseline points="167,3270 966,3293 1532,3295"/>
        <TextEquiv conf="0.9472532535300535">
          <Unicode>tui le pr part enarmes sur le quee</Unicode>
        </TextEquiv>
      </TextLine>

      
    </TextRegion>
    

    
  </Page>
</PcGts>
