3104 4140
151 993 1601 1106 coetoierre le deuoit et mes barons mander
269 1064 1548 1163 tauchoue me mande que uoisse uiseter
138 1113 1739 1219 Puis que ly cois me mande Il my conment aler
193 1170 1626 1269 et quant yiaunt lentent couleur prist auuer
172 1228 1297 1308 Ihaulte uoit sy fe con loy bien cler
149 1283 1527 1377 Gare samne archeuesques penses de uous haster
179 1343 1514 1437 Et se mandes uo gent se faites assambier
317 1412 1465 1497 y alons mou pere ay dier et deliuirer
170 1460 1691 1543 Pai doit ueneer leure quil me uault engeurer
193 1511 1500 1598 Euant ainsy le laissons en Prison demourer
172 1568 1594 1649 pent me hoist mes peres et prisier et amer
154 1623 1578 1699 Ee briefiigent ne le uoy aydier et conforter
163 1667 1396 1759 Et busse cõmoncha teule ment aplourer
190 1724 1534 1819 y archeuesques fist tous set hõmes mander
269 1777 1449 1881 archeuesque de tours ne fist arestement
124 1828 1693 1954 Euant Il on danthome be certain mandement
197 1888 1272 1982 a fait apressez ses hõmes et se geut
181 1934 1721 2044 tant fist ly archeuesques queci son assain ulomẽt
174 1996 1433 2097 furent bieu .xx  qõme a son ꝯmardement
179 2056 1631 2143 ar ache taiges seigneur tenoit tous plaiement
161 2099 1530 2214 le duche de Iouramne ⁊ che qui y apent
1557 2122 1615 2198 I
174 2159 1504 2263 Il est issus de tours sauil nul ariestement
151 2217 1320 2313 nartin sen ua oluy et brisse ensoment
158 2277 1523 2371 Llame estoit atoure se demande a se gent
151 2325 1470 2426 Ou larcheuelque ua a tel eforclement
147 2385 1493 2490 Et sotesse am dist et nous ua malement
144 2451 1562 2543 martinał auous pardu qui donuoit lorgemẽt
165 2504 301 2580 Pa
349 2513 1569 2612 foy che dist elame ien ay le cuerdo lent
133 2562 1679 2670 Eusemont pour martii pleurent ly pourecgeut
124 2638 1656 2732 Car nol tel aumouner iusque labre que fent
147 2704 1412 2787 Et quant clame on faire Racongement
121 2760 1417 2847 qu a̾diz qui en prisdii estoit sy faitemẽt
124 2810 1635 2902 En pne cambre entra le rome au corpe gent
158 2884 179 2934 I
230 2870 1619 2964 dist uiaux sire dieux aqui ly iuous apent
232 2932 1573 3024 ii estoral lechiel et le pleyie et le uer
124 2989 1481 3086 Pa De le roy henry qui tant a hardement
142 3052 1663 3148 Coiuent quil me uolsist faire mortr brieminẽt
188 3104 1424 3215 ie le puiote hait par me foy nulemes
161 3164 1870 3275 Dieux prent garde de luy et danthome esemẽt
174 3224 1502 3346 ⁊ wien pere loyal qui tant a densient
