3104 4140
1518 956 3021 1074 gneur aꝑcest tamps mert pouit gtant estoret
1373 1016 2634 1097 Ire le uille de lilẽ qui bien ert garea
1396 1069 2708 1163 Pue forest yot qui ert grade et ceremee
1728 1131 2809 1216 presg. de uus ainsy ert apiellie
1364 1161 2664 1253 Ou lien ou lile siet ot une courquara
1426 1223 1470 1294 2
1539 1235 1587 1301 uI
1654 1230 2802 1329 noble costiel ou gent sont amassie
1359 1292 2646 1375 Sp auoit cast lan qi garoit le ꝯtrai
1477 1343 2850 1437 e par che naledin dont Ie fayceinsee
1392 1396 2853 1497 Iy contee madiĩs fu plamẽd de grant poure
1362 1446 2625 1552 pn cost que de uo iei̾ a le cose aisee
1481 1513 2703 1603 u estoiect ontre en le epoule gtro
1378 1554 2814 1655 Il en fr noult dolins le chiere enot yree
1373 1616 2814 1704 Fheus de bruges a fact demer sane edemory
1398 1685 1442 1759 g
1626 1676 2961 1750 cups qui sout entour siques a une lence
1389 1729 2901 1821 ienuent ay aer le conte qui ernt ot dlenõmis
1387 1787 2818 1872 uirs le mer uout courant abamre leuee
1573 1846 2758 1927 sont eruusquet au fous dune ualie
1408 1895 2689 1984 et hy fois heuris a la nagarde menee
1364 1936 2956 2037 Deuant len aultres en u qlua dune agbalestree
1359 2003 2735 2097 En la gait es entres de la geat dffaie
1385 2063 2781 2152 Ey couts mara duis y uint de cã donnee
1387 2116 2887 2210 Et teuoit en son quugꝑpuinet une larche a filie
1382 2180 2593 2277 y quart de sarazn de se terre loi
1348 2228 2931 2320 oulont iouste ⁊ au royqua le chiereot seuce
1327 2267 1431 2359 A
1468 2288 2816 2378 T ly uns le ꝯsreu en le targe dorir
1387 2339 2666 2431 Eu estoit alupars iet feste et ordenee
1428 2401 2862 2490 secout le consient tout droit en lesquinee
1431 2454 2970 2543 e Ꝙtierch ou hayamne une grant hastrolee
1339 2516 2982 2592 Et ⁊ quals ou cheual tout peum li uentri
1316 2576 2802 2656 Sy qui le pourfendy le cuer et le core
1369 2628 2827 2711 Et ly zois est uersesde de le selle dgree
1396 2693 2749 2776 chelando chen mora soumn geulle bee
1320 2732 2896 2831 ris su et Retenua sans nule demourie
1359 2796 2832 2888 dont gomt anthoues ale chur meubree
1325 2840 1371 2996 S
1408 2856 2837 2955 Pui Rescoure le roy y ot telle mellee
1405 2925 1431 2987 t
1449 2914 3014 3003 ue mainte uiey fi qors du corps de seurrer
1336 2973 3039 3065 Mais Nrestoute leur Iorche damn uault ung deur
1380 3026 2903 3121 Car ey gnie maradieux do nt Ie fay deiisee
1394 3079 2489 3185 fery cellement et dee lanche et
2618 3091 2740 3194 spre
1309 3144 2922 3238 Etne ly hõneurs eii fu deuirs luy demoure
1403 3201 2901 3323 ⁊ Rxtourna a brugea se grant uille nostrer
