3104 4140
124 818 1569 940 que tout uistre lignage en pories hõnoure
154 906 671 1009 ains pores dist
701 860 1937 979 le dame se diens me puist sauuer
126 922 1658 1051 e ne sarroie pau ne ciudiel ne dncaenser
124 979 1398 1108 qu la rome a la que dieux puist hõm
117 1021 1808 1156 Rau poie che luyuous pry que se laissa pener
243 1078 1658 1209 e saintisme aos poua sen peuple sauer
220 1127 1573 1260 qui uouã ueuile encgre elamẽ Romenez
174 1159 1912 1313 ne uous mie loissies sire sy uous plestdemourir
138 1297 299 1380 ioir
411 1216 1753 1354 sous lel algres ouon doit chn monter
264 1366 296 1446 .
497 1271 1656 1393 uo reues me faichies presenter
1702 1313 1801 1419 ser
195 1324 1635 1483 ar en plus grant hõnour iene ueulaus
722 1403 1205 1494 ⁊ aii ou quusse
165 1472 395 1543 No
743 1435 1592 1550 y pour mon Reconforter
234 1506 543 1591 Su Rele
1184 1472 1826 1573 me ueulleisdẽner
294 1524 1072 1630 oueprie sans qieres
149 1607 667 1706 dray alsoirsion
690 1554 1495 1674 sil uous qulestadreer
225 1678 480 1743 che que
526 1655 648 1741 an
704 1607 1410 1720 olut elame pacuser
333 1651 1721 1796 tous mes peqnes que ne sediy recorser
156 1706 1799 1865 ar na p uiapquerese gout par decha la mer
248 1761 1564 1920 iuent ay apostoler le printaestonter
186 1814 1603 1975 dont a cõmenchiet se main destrealeuer
163 1964 216 2037 d
266 1867 1691 2028 dieu le uenay qui sist etchiel et mer
151 2014 241 2093 et
250 1936 1569 2081 Cy dõ ne guet saua point de larester
165 2010 1509 2143 ou elle uouloit de sien corps amasser
236 2060 1658 2182 a de son aumounier uauit aussy comand ⁊
156 2106 1746 2240 fue asscun .pour cy uoit sausmetie presenter
253 2168 1601 2297 chieiyo a Respondu che fait a creancer
186 2219 1606 2346 dout ses daint clame Le goine e uis cler
170 2288 1813 2394 roit dessoue les de gres au Ialaisqui naper
181 2394 204 2461 ¶
559 2339 1675 2431 pre liei Pour sen corps osteler
184 2440 216 2511 4
340 2408 1615 2495 grani y anais ama nye uault omalaer
197 2461 1679 2557 camente ne lincheul poier son corprosseler
174 2523 1691 2617 usament fist elame que uous he mors parlez
697 2578 1829 2688 ue elame droit a Rõme hostelde
292 2638 1398 2732 sen oucie de pape sest elle con
186 2691 1640 2785 dar dessons les degris d le salle panee
190 2748 1734 2847 in estoit coutre mout moult tres haultristeler
177 2803 1509 2902 lleut sest le romne moult tresbien amas
253 2856 1553 2957 es pes su porlir qui en garde lentrel
1647 2838 1755 2980 2
181 2914 1520 3019 a ot une mẽnoque et facte et ordner
174 2976 1375 3070 aou elle muclpit nestoit nuc trop ee
186 3015 1652 3206 deu ꝙ poueit enre fors le dame hõuree
