3104 4140
1500 738 1635 871 184
121 848 1465 961 othist de un seul cop dun brant qui su lettres
133 913 1311 1011 en issy tel fuimce ⁊ de uouche et de nes
115 963 1309 1046 uotdur d che cashul ni fu nule clartea
138 1014 1369 1106 ⁊ de corbiaux seur dist qui sur̃liuolenter
119 1067 1348 1166 Fant leur a marole de biaux mos ꝑ portes
119 1120 1309 1223 Que Il se sont tristont ans loy retournes
119 1163 1456 1265 s du by orchenesqui ⁊ tous seu clere mandes
124 1235 1201 1343 lqui tous ln fais fu et dis et deises
128 1283 1063 1391 hũ cais en loss et ses sains bontes
131 1340 1125 1444 et la fiston los fans ueuair et satres
121 1389 1221 1506 dronmn se batisent ⁊ donques a tous les
124 1449 1210 1554 nalorie se baptise de uounes uolenter
158 1494 1518 1632 he pour fu le saint pierre quen aoust est entres
135 1559 1426 1676 eu lanneur de saint puree su querre apeles
131 1621 1493 1729 noult estoit Riches hons de grant tresor mẽles
147 1688 1244 1780 ree il dist qui lairoit terris et pichet
158 1741 1346 1849 sses ppres de la tour sest sy uere amasset
184 1798 1235 1885 tres dun arbalestre y erstan conter
151 1835 1424 1948 a sist ⟦ ermtaicze et sest apourqienses
1530 1837 1640 1915 fu
151 1883 1824 2007 dour boccaona lonnine de sauit querre qõqi Il fere nõmes
156 1961 1293 2035 eroit frire. une eguse auois auoit asses
154 2005 1426 2093 dont fu ly monstiere de saint quere foudes
149 2060 1341 2141 lt morant de Riere qui tant et de uoute
188 2120 1166 2191 dona puisse dy des achesses asses
151 2175 1203 2249 Et fu ca nõiuisie du pape en uerite
144 2214 1332 2304 di deray d heury qui su roit comrõnes
163 2265 1419 2352 t dit bou gay qutheme qui estoit engentres
161 2323 1346 2412 en le tour o gaiant auoit parfons fosses
156 2380 1348 2477 pa la cort As baront furent la estoupes
149 2431 1412 2530 es sonstermẽ qui furent sur Ierre mathõnel
156 2481 1408 2589 ors cheby de caitin ychieus est demoures
151 2546 1451 2642 nes les n aultres furent st trisbien ordenes
165 2601 1470 2700 onques puis ny passa sersone qui soit nec
170 2649 1603 2755 uin iourẽ apres che cerme sont ly rois Reposes
326 2723 1297 2815 O poͬ iour sont leur genct aprestes
172 2773 1357 2870 dirir alel a lescluse furent quest ly nes
319 2819 1491 2930 doy roie de uõnair out morant apele
188 2872 1481 2985 uous prendous ꝯgũt se seront deseiore
161 2927 1497 3038 nostre sire uous tiengue en qu uraie auctorite
181 2994 1440 3098 ar quoy puissies auoir en le sun samiste
135 3047 1769 3187 Geigurrr che dist morans Sieuyxs uans en saiclte ga:
