3104 4140
87 710 1520 846 Que le chite uinda et ly ua cõmandant
115 781 1753 901 Que Iamais en se uie ne uoist de dens pertrant
144 839 1608 965 Eusy Remest elainc que Ie uous uoy contant
167 899 1709 1025 Et martuis ale court ua uien tost Repanant
140 956 1468 1094 auoire et amengier ua se mere enuoiant
131 1021 1375 1147 Nature ly aprent et iy ua semõnant
131 1081 1451 1207 Sauoir amour a luy pluis qua faine uinant
161 1108 1728 1285 Nes le tres douchrelaine qui des uiaulte atant
140 1193 1516 1324 nala pas longuement a lostel demourant
163 1244 1603 1403 On iour aloit le damne a une yaue coirant
135 1350 807 1469 Respanmerle unee
865 1306 1566 1419 sier sen cos portant
140 1347 1714 1527 Deuant ly esgarda le dame au corpa plasant
163 1421 1698 1591 Et d constantinoble uoit un cheualier grant
163 1485 1778 1649 ourriers estoit son pere pour ses ostieux p̾ndant
197 1568 1543 1708 Sarle uille de coure le sieuoient ser gant
181 1621 1693 1764 Qui prirent les ostieux et ariere ot auant
161 1669 1815 1837 Euant le dame parchut le cheualier uaillant
149 1727 1893 1899 Ouques mais not tel doeul en iourde sen uiuant
167 1805 1799 1966 Et in print tel paour que tout aloit Nramblant
142 1954 386 2026 Arier
717 1867 1677 1989 el reteurna en plourant
154 1943 678 2086 Euit cotesrr
754 1938 1472 2049 uit sy ly dist enoiant
158 1975 1730 2148 Quams uous aplourer ne le malesz chelant
151 2056 1665 2205 ame che dist elome Ie nen duay noiant
144 2118 1730 2277 natient pas a uous de direplus auant
158 2178 1665 2329 adont sa la couchier le dame maintenant
172 2244 1652 2401 qusqua leure deuoune con a la cloquetant
174 2323 1493 2463 dont uint ly otesse aelame criant
179 2389 1622 2516 Dr sus dist elle aby alel trop seiouruant
174 2435 1734 2589 Ians est qua le donee uous ales maintenant
184 2530 1550 2654 Far il y sout a le touandes et truant
170 2585 1856 2723 dame che dist elame point mray maontenant
161 2654 1732 2801 Sy feres dist lotesse par dieu le Roy amant
331 2711 1776 2856 se uous nyales Ie uous ay couuenant
333 2819 855 2921 ie tout ius a
1033 2766 1872 2872 lit uous yrax gramant
204 2831 1771 2985 Ie ne uoeul mie perdre un sy fait remẽnant
204 2900 1560 3040 ꝑsaine cespondy uoir ie niray noiant
197 2962 1672 3118 Adout sen uint lotesse a elame courant
