<?xml version="1.0" encoding="UTF-8"  standalone="yes"?>
<PcGts xmlns="http://schema.primaresearch.org/PAGE/gts/pagecontent/2019-07-15" xmlns:xsi="http://www.w3.org/2001/XMLSchema-instance" xsi:schemaLocation="http://schema.primaresearch.org/PAGE/gts/pagecontent/2019-07-15 http://schema.primaresearch.org/PAGE/gts/pagecontent/2019-07-15/pagecontent.xsd">
  <Metadata>
	<Creator>escriptorium</Creator>
	<Created>2025-10-15T20:24:19.486892+00:00</Created>
        <LastChange>2025-10-15T20:24:19.486923+00:00</LastChange>

  </Metadata>
  <Page imageFilename="620416201_MS0742_0766_0127A.jpg" imageWidth="3104" imageHeight="4140">

    
    <TextRegion id="eSc_textblock_9d7663db"  custom="structure {type:text;}">
      <Coords points="1665,588 1725,607 1755,699 1872,736 1909,864 1891,936 1799,1011 1863,1223 1826,1359 1882,1426 1882,1497 1845,1561 1652,1637 1652,1745 1691,1784 1826,1803 1826,1865 1728,1892 1652,2030 1817,2106 1817,2196 1753,2336 1744,2546 1817,2640 1790,2776 1854,3024 340,3061 257,3088 200,3033 92,3006 73,1462 119,1377 128,1214 82,1092 110,1011 101,910 64,880 64,745 1339,708 1665,588"/>
      
      
      <TextLine id="eSc_line_02713dd8" custom="structure {type:default;}">
        <Coords points="1684,593 1661,607 1645,598 1640,593 1629,600 1606,609 1583,616 1560,625 1560,676 1560,696 1698,696 1698,676 1693,595 1684,593"/>
        <Baseline points="1560,676 1698,676"/>
        <TextEquiv conf="0.9947853883107504">
          <Unicode>124</Unicode>
        </TextEquiv>
      </TextLine>

      
      
      <TextLine id="eSc_line_3dd39074" custom="structure {type:default;}">
        <Coords points="964,717 961,717 913,733 906,736 899,736 837,722 835,722 832,722 830,722 830,724 814,738 809,740 798,738 757,731 754,731 623,745 570,749 547,747 460,736 457,736 455,736 453,736 453,738 439,752 437,754 409,752 315,745 312,745 310,745 308,745 308,747 296,756 294,761 218,761 209,758 154,747 151,747 149,747 147,747 147,749 140,754 144,804 144,827 1525,779 1525,754 1520,713 1461,699 1458,699 1456,699 1398,717 1385,719 1327,719 1175,715 1173,715 1171,715 1148,726 1138,729 1129,726 1104,717 1102,717 1099,717 1042,729 1040,729 966,717 964,717"/>
        <Baseline points="144,804 1525,754"/>
        <TextEquiv conf="0.9937772638088948">
          <Unicode>hieux enfes mora chy Car pour yray ue</Unicode>
        </TextEquiv>
      </TextLine>

      
      
      <TextLine id="eSc_line_a02070c4" custom="structure {type:default;}">
        <Coords points="664,786 662,786 630,798 628,800 625,800 605,788 602,788 600,788 529,802 508,807 490,804 409,795 407,795 404,795 402,795 381,809 377,811 363,811 253,802 250,802 248,802 246,802 225,816 225,818 126,821 128,860 131,892 190,873 211,887 213,887 216,887 218,887 308,883 310,883 312,883 333,867 425,878 444,880 446,880 448,880 450,880 453,878 464,867 480,876 485,878 487,878 490,878 508,876 545,867 586,871 614,873 616,873 618,873 621,873 625,869 641,855 685,867 687,867 690,867 692,867 694,867 697,867 720,855 842,860 938,862 941,862 943,862 961,853 980,846 998,853 1021,860 1023,860 1026,860 1028,860 1067,848 1081,846 1095,848 1148,855 1150,855 1152,855 1155,855 1168,844 1175,839 1201,841 1258,850 1260,850 1263,850 1286,839 1300,832 1311,837 1334,846 1336,846 1339,846 1341,846 1387,834 1412,825 1629,821 1633,823 1661,834 1663,834 1665,834 1668,834 1670,834 1693,818 1695,818 1702,818 1757,827 1760,827 1838,811 1840,791 1836,745 1675,754 1672,754 1670,754 1658,765 1633,754 1631,752 1629,752 1626,752 1546,756 1217,781 1180,775 1159,770 1157,770 1155,770 1143,775 1127,784 1069,779 1023,775 1021,775 929,786 858,793 849,788 832,781 830,781 828,781 826,781 791,791 766,798 734,793 667,786 664,786"/>
        <Baseline points="128,860 1118,830 1523,800 1840,791"/>
        <TextEquiv conf="0.9648632160995317">
          <Unicode>ar poy che dist lyaubres ie nen doue ungbontõ</Unicode>
        </TextEquiv>
      </TextLine>

      
      
      <TextLine id="eSc_line_5158198b" custom="structure {type:default;}">
        <Coords points="1417,809 1415,809 1412,809 1334,830 1306,816 1290,818 1279,818 1242,834 1205,823 1198,825 1184,825 1164,837 989,834 987,834 881,850 858,839 853,839 839,839 816,853 660,844 646,846 625,846 607,862 577,850 575,850 572,850 570,850 517,867 473,850 471,850 469,850 467,850 464,850 460,853 414,871 372,855 370,855 368,855 365,855 356,857 301,869 209,864 213,913 216,949 266,933 503,933 572,933 575,933 623,926 729,913 743,922 745,924 747,924 750,924 752,924 754,924 770,919 798,910 842,915 883,919 885,919 888,919 913,910 938,903 973,908 1014,913 1017,913 1069,903 1099,896 1111,901 1129,906 1132,906 1134,906 1136,906 1138,906 1138,903 1141,903 1145,899 1148,894 1198,894 1323,899 1325,899 1327,899 1352,887 1357,885 1359,887 1382,896 1385,896 1387,896 1507,892 1509,892 1573,873 1573,860 1564,802 1463,823 1419,809 1417,809"/>
        <Baseline points="213,913 595,908 1573,860"/>
        <TextEquiv conf="0.9648410171270371">
          <Unicode>uarles Ru denteste qui mais sentoit foid</Unicode>
        </TextEquiv>
      </TextLine>

      
      
      <TextLine id="eSc_line_26334620" custom="structure {type:default;}">
        <Coords points="1569,862 1557,862 1555,862 1491,885 1488,887 1398,887 1394,887 1373,871 1362,871 1346,871 1256,892 1203,878 1201,878 1191,878 1166,896 1161,896 1095,883 1086,885 1063,885 1060,885 1021,901 1019,901 1017,901 968,890 950,892 927,892 922,892 883,906 878,906 855,906 692,903 674,906 651,906 628,908 549,917 536,917 529,917 490,910 490,910 467,910 444,910 432,910 407,922 398,924 361,922 260,917 257,917 144,929 147,970 147,998 225,984 446,986 448,986 450,986 480,975 517,984 526,986 529,986 531,986 674,977 980,956 1019,961 1051,965 1053,965 1155,956 1240,947 1362,947 1686,947 1686,945 1688,945 1721,931 1829,938 1831,938 1833,938 1879,922 1879,908 1875,873 1751,855 1748,855 1746,855 1744,855 1730,869 1698,857 1695,857 1693,857 1569,860 1569,862"/>
        <Baseline points="147,970 1879,908"/>
        <TextEquiv conf="0.9806331726519958">
          <Unicode>ncoire uert pout mors mais ne uault se pil nõ</Unicode>
        </TextEquiv>
      </TextLine>

      
      
      <TextLine id="eSc_line_c18d3270" custom="structure {type:default;}">
        <Coords points="699,952 697,952 660,968 499,968 480,959 462,961 453,961 425,970 395,961 393,963 370,963 358,963 352,970 163,977 165,1016 167,1046 216,1032 717,1032 724,1032 727,1032 729,1032 867,1011 973,1011 1010,1025 1012,1025 1014,1025 1017,1025 1065,1007 1235,1007 1256,1021 1258,1021 1260,1021 1263,1021 1265,1021 1267,1021 1267,1018 1279,1009 1433,1016 1461,1016 1463,1016 1465,1016 1470,1014 1518,1000 1550,1014 1553,1014 1555,1014 1557,1014 1560,1014 1564,1011 1596,1000 1663,1009 1665,982 1661,945 1573,929 1571,929 1387,947 1263,936 1260,936 1182,947 975,942 973,942 971,942 968,942 968,945 952,959 911,945 908,945 906,945 904,945 860,961 701,952 699,952"/>
        <Baseline points="165,1016 1665,982"/>
        <TextEquiv conf="0.9661787560111598">
          <Unicode>uns̾ del mourdereux ly denãde abalton</Unicode>
        </TextEquiv>
      </TextLine>

      
      
      <TextLine id="eSc_line_082c713a" custom="structure {type:default;}">
        <Coords points="1168,993 1157,1005 1150,1009 1132,1005 1095,995 1092,995 1090,995 1088,995 1086,995 1072,1007 1069,1009 1067,1007 1053,998 1051,998 1049,998 1046,998 1044,998 1019,1009 1010,1011 977,1009 883,1002 881,1002 878,1002 832,1014 805,1021 789,1016 766,1007 763,1007 761,1007 662,1018 593,1028 577,1021 556,1014 554,1014 552,1014 549,1014 531,1023 517,1030 437,1025 326,1021 324,1021 322,1021 303,1030 289,1037 124,1037 126,1083 126,1120 193,1120 195,1120 197,1120 227,1094 326,1115 331,1115 333,1115 335,1115 338,1115 372,1090 423,1099 425,1099 427,1099 430,1099 450,1085 540,1106 543,1106 545,1106 547,1106 570,1087 648,1104 655,1104 658,1104 660,1104 662,1104 690,1083 743,1087 745,1087 747,1087 750,1087 750,1085 763,1074 888,1081 890,1081 892,1081 895,1081 911,1069 954,1087 957,1087 959,1087 961,1087 964,1087 984,1074 1026,1081 1028,1081 1030,1081 1033,1081 1033,1078 1035,1078 1044,1067 1060,1081 1060,1083 1063,1083 1065,1083 1067,1083 1069,1083 1104,1064 1217,1081 1219,1081 1221,1081 1224,1081 1263,1055 1309,1055 1366,1071 1369,1071 1371,1071 1373,1071 1375,1071 1398,1055 1442,1067 1445,1067 1447,1067 1449,1067 1451,1067 1451,1064 1454,1064 1465,1051 1514,1069 1516,1069 1518,1069 1638,1064 1640,1041 1635,991 1350,1002 1297,1000 1178,993 1168,993"/>
        <Baseline points="126,1083 1214,1041 1640,1041"/>
        <TextEquiv conf="0.9756002002640775">
          <Unicode>penr quoy as aporte clie puene ualeton</Unicode>
        </TextEquiv>
      </TextLine>

      
      
      <TextLine id="eSc_line_19a63851" custom="structure {type:default;}">
        <Coords points="188,1140 188,1168 499,1161 501,1161 584,1143 655,1156 660,1156 662,1156 674,1156 777,1143 800,1152 803,1152 805,1152 807,1152 809,1152 809,1150 812,1150 823,1133 996,1131 1046,1145 1051,1145 1053,1145 1056,1145 1065,1143 1136,1124 1228,1124 1263,1138 1265,1138 1267,1138 1270,1138 1272,1138 1274,1138 1302,1122 1431,1131 1433,1131 1435,1131 1438,1131 1497,1117 1525,1129 1532,1101 1530,1062 1479,1048 1477,1048 1474,1048 1472,1048 1438,1060 1426,1051 1426,1048 1424,1048 1421,1048 1419,1048 1339,1064 1295,1048 1293,1048 1290,1048 1288,1048 1231,1067 1148,1053 1145,1053 1143,1053 1079,1071 1060,1058 1060,1055 1058,1055 1056,1055 1053,1055 977,1058 975,1058 973,1058 973,1060 954,1076 901,1062 899,1062 897,1062 809,1078 740,1064 738,1064 736,1064 655,1085 586,1069 584,1069 582,1069 543,1087 437,1074 434,1074 432,1074 430,1074 407,1094 186,1099 188,1140"/>
        <Baseline points="188,1140 1532,1101"/>
        <TextEquiv conf="0.984493407510942">
          <Unicode>crom tuls eus le une damede non</Unicode>
        </TextEquiv>
      </TextLine>

      
      
      <TextLine id="eSc_line_ee8a46b0" custom="structure {type:default;}">
        <Coords points="1532,1101 1509,1104 1488,1104 1426,1120 1387,1106 1371,1108 1348,1108 1325,1108 1318,1108 1178,1133 977,1136 904,1122 897,1120 888,1122 874,1122 865,1124 768,1143 358,1143 361,1193 363,1225 423,1209 586,1219 591,1219 593,1219 632,1219 738,1212 740,1212 775,1196 858,1209 860,1209 862,1209 895,1196 920,1205 922,1205 924,1205 1132,1184 1159,1196 1161,1196 1164,1196 1265,1179 1311,1179 1329,1196 1329,1198 1332,1198 1334,1198 1336,1198 1417,1196 1419,1196 1421,1196 1421,1193 1424,1193 1438,1177 1493,1186 1495,1186 1497,1186 1500,1186 1500,1184 1514,1173 1557,1189 1564,1191 1566,1191 1569,1191 1654,1189 1656,1189 1658,1189 1658,1186 1661,1186 1677,1170 1755,1182 1757,1154 1753,1092 1675,1092 1672,1092 1670,1092 1665,1094 1635,1110 1615,1097 1615,1094 1612,1094 1610,1094 1608,1094 1532,1094 1532,1101"/>
        <Baseline points="361,1193 1757,1154"/>
        <TextEquiv conf="0.9746689039307672">
          <Unicode>uns des mourderene ny fist arestemẽt</Unicode>
        </TextEquiv>
      </TextLine>

      
      
      <TextLine id="eSc_line_19445c32" custom="structure {type:default;}">
        <Coords points="1286,1168 1283,1168 1281,1168 1279,1168 1258,1182 1168,1175 1166,1175 1164,1175 1161,1175 1148,1186 1145,1186 1088,1173 1086,1175 1063,1175 1058,1175 913,1191 623,1191 621,1191 618,1191 616,1191 600,1202 563,1191 561,1191 559,1191 556,1191 524,1205 522,1205 517,1205 450,1193 448,1193 372,1209 365,1209 356,1209 239,1198 236,1198 234,1198 211,1209 213,1258 213,1278 1097,1246 1104,1248 1122,1255 1125,1255 1127,1255 1129,1255 1157,1246 1166,1244 1201,1244 1318,1251 1320,1251 1401,1237 1412,1237 1428,1237 1557,1244 1560,1244 1562,1244 1601,1230 1601,1219 1594,1175 1329,1179 1288,1168 1286,1168"/>
        <Baseline points="213,1258 975,1230 1601,1219"/>
        <TextEquiv conf="0.9656511773081387">
          <Unicode>au uarlet geuida cos et qsuellemet</Unicode>
        </TextEquiv>
      </TextLine>

      
      
      <TextLine id="eSc_line_ea1c3e42" custom="structure {type:default;}">
        <Coords points="1592,1221 1571,1221 1555,1232 1491,1223 1470,1221 1454,1223 1451,1225 1426,1242 1382,1228 1373,1225 1371,1225 1369,1225 1366,1225 1357,1230 1325,1244 1118,1239 1109,1239 1106,1239 1102,1239 1042,1251 994,1244 938,1235 936,1235 830,1239 828,1239 807,1251 793,1258 724,1253 664,1251 662,1251 517,1262 448,1267 432,1265 356,1253 349,1253 326,1255 324,1255 276,1271 273,1274 188,1274 190,1313 190,1331 204,1340 207,1340 209,1340 211,1340 315,1329 365,1338 368,1338 768,1327 770,1327 796,1315 1065,1320 1067,1320 1251,1301 1254,1301 1258,1301 1725,1301 1728,1301 1833,1285 1836,1271 1829,1212 1592,1216 1592,1221"/>
        <Baseline points="190,1313 805,1301 1382,1276 1836,1271"/>
        <TextEquiv conf="0.9727781658822839">
          <Unicode>ourquoy portoit leufant auent luy telleurẽt</Unicode>
        </TextEquiv>
      </TextLine>

      
      
      <TextLine id="eSc_line_79ef2964" custom="structure {type:default;}">
        <Coords points="828,1301 826,1301 823,1301 796,1315 789,1317 757,1315 655,1308 653,1308 651,1308 648,1308 648,1311 646,1311 639,1320 637,1322 632,1320 584,1308 582,1308 579,1308 577,1308 513,1324 503,1327 497,1327 434,1313 432,1313 430,1313 427,1313 427,1315 409,1329 407,1329 296,1320 294,1320 211,1336 213,1373 213,1386 582,1393 584,1393 586,1393 653,1375 662,1373 669,1375 727,1389 729,1389 731,1389 901,1373 924,1382 927,1382 929,1382 931,1382 968,1366 973,1363 980,1366 1021,1375 1023,1375 1026,1375 1235,1357 1281,1354 1286,1357 1318,1370 1320,1370 1323,1370 1396,1352 1403,1352 1419,1352 1594,1361 1596,1361 1693,1343 1693,1327 1686,1281 1468,1297 1447,1290 1431,1283 1428,1283 1426,1283 1171,1290 1104,1294 1102,1294 1099,1294 1099,1297 1097,1297 1092,1304 1088,1308 1074,1304 1051,1297 1049,1297 1046,1297 1044,1297 1042,1297 1030,1306 1021,1311 1010,1306 994,1299 991,1299 989,1299 915,1311 876,1315 862,1311 830,1301 828,1301"/>
        <Baseline points="213,1373 1693,1327"/>
        <TextEquiv conf="0.9757087085698102">
          <Unicode> enx ly Resporsy Ie uoulay en cauuent</Unicode>
        </TextEquiv>
      </TextLine>

      
      
      <TextLine id="eSc_line_c18ae32a" custom="structure {type:default;}">
        <Coords points="156,1435 156,1455 322,1458 324,1458 326,1458 342,1451 363,1442 467,1446 487,1446 490,1446 492,1446 494,1446 508,1435 540,1444 559,1449 561,1449 563,1449 628,1442 699,1432 754,1437 793,1439 796,1439 798,1439 816,1435 867,1421 881,1432 883,1435 885,1435 888,1435 890,1435 906,1432 959,1419 998,1428 1005,1430 1007,1430 1010,1430 1026,1428 1092,1414 1293,1419 1316,1419 1318,1419 1320,1419 1323,1419 1343,1403 1396,1412 1398,1412 1463,1398 1550,1409 1555,1380 1548,1334 154,1386 156,1435"/>
        <Baseline points="156,1435 1555,1380"/>
        <TextEquiv conf="0.9878735472174252">
          <Unicode>ne seuusseusies sans nil delaiemes</Unicode>
        </TextEquiv>
      </TextLine>

      
      
      <TextLine id="eSc_line_31bf0e7b" custom="structure {type:default;}">
        <Coords points="416,1426 407,1426 388,1428 365,1428 354,1428 352,1428 349,1428 335,1439 326,1444 181,1444 184,1485 184,1499 257,1515 260,1515 262,1515 317,1499 365,1515 368,1515 370,1515 372,1515 416,1494 432,1494 480,1494 561,1515 563,1515 566,1515 568,1515 570,1515 595,1497 623,1513 625,1513 628,1513 717,1511 720,1511 796,1483 796,1467 791,1430 731,1416 729,1416 639,1432 621,1435 605,1432 531,1423 529,1423 526,1423 494,1435 483,1439 469,1437 418,1426 416,1426"/>
        <Baseline points="184,1485 796,1467"/>
        <TextEquiv conf="0.9979904294013977">
          <Unicode>lelsse estranbet</Unicode>
        </TextEquiv>
      </TextLine>

      
      
      <TextLine id="eSc_line_aa32a758" custom="structure {type:default;}">
        <Coords points="1069,1400 1067,1400 1065,1400 1058,1405 1046,1414 991,1407 966,1405 964,1405 961,1405 959,1405 959,1407 957,1407 947,1419 855,1412 860,1462 860,1490 966,1472 1000,1481 1003,1481 1005,1481 1104,1467 1118,1476 1120,1478 1122,1478 1125,1478 1127,1478 1129,1478 1132,1478 1136,1474 1145,1467 1164,1474 1175,1476 1178,1476 1180,1476 1608,1446 1610,1430 1608,1393 1564,1382 1562,1382 1560,1382 1557,1382 1555,1382 1555,1384 1553,1384 1546,1393 1537,1393 1334,1391 1332,1391 1272,1400 1231,1407 1205,1403 1182,1398 1180,1398 1178,1398 1155,1403 1129,1409 1102,1405 1072,1400 1069,1400"/>
        <Baseline points="860,1462 1610,1430"/>
        <TextEquiv conf="0.9919367114702861">
          <Unicode>⁊ mus afiuement</Unicode>
        </TextEquiv>
      </TextLine>

      
      
      <TextLine id="eSc_line_e64c4ca1" custom="structure {type:default;}">
        <Coords points="117,1554 117,1582 333,1575 335,1575 338,1575 391,1552 423,1566 425,1566 427,1566 513,1550 632,1561 655,1561 658,1561 683,1557 826,1534 908,1543 911,1543 913,1543 954,1529 991,1540 994,1540 996,1540 998,1540 1046,1524 1067,1538 1072,1543 1074,1543 1076,1543 1079,1543 1081,1543 1090,1538 1118,1522 1201,1517 1306,1527 1332,1529 1334,1529 1336,1529 1352,1524 1417,1508 1477,1520 1511,1524 1514,1524 1516,1524 1518,1524 1530,1517 1537,1513 1564,1515 1622,1520 1624,1520 1626,1520 1663,1511 1688,1501 1866,1499 1868,1481 1863,1435 1737,1428 1734,1428 1640,1444 1622,1446 1606,1446 1532,1437 1530,1437 1396,1453 1346,1458 1281,1458 1141,1453 1138,1453 1074,1465 1030,1472 1007,1467 982,1460 980,1460 977,1460 975,1460 947,1469 920,1476 872,1472 826,1467 823,1467 821,1467 793,1474 757,1483 704,1476 669,1474 667,1474 664,1474 662,1474 662,1476 658,1478 648,1488 421,1488 331,1488 329,1488 326,1488 319,1490 299,1501 246,1494 243,1494 165,1508 112,1499 117,1554"/>
        <Baseline points="117,1554 1028,1506 1868,1481"/>
        <TextEquiv conf="0.9693732591385537">
          <Unicode>ing signatour de rõme que ly carpẽdieu canẽt</Unicode>
        </TextEquiv>
      </TextLine>

      
      
      <TextLine id="eSc_line_2bdff454" custom="structure {type:default;}">
        <Coords points="119,1619 119,1646 257,1630 292,1639 294,1639 296,1639 299,1639 354,1623 423,1632 425,1632 427,1632 476,1616 510,1628 513,1628 515,1628 517,1628 646,1607 685,1619 687,1619 690,1619 692,1619 738,1605 943,1605 950,1605 952,1605 954,1605 982,1591 1118,1593 1120,1593 1219,1577 1341,1584 1346,1584 1348,1584 1352,1584 1440,1566 1723,1566 1723,1538 1716,1490 1477,1508 1454,1504 1417,1497 1415,1497 1412,1497 1389,1508 1375,1513 1332,1511 1217,1504 1214,1504 1083,1524 1069,1527 1067,1527 1042,1513 1040,1513 1037,1513 1035,1513 998,1529 991,1534 984,1531 957,1517 954,1517 952,1517 950,1517 947,1517 947,1520 929,1534 927,1536 918,1534 862,1527 860,1527 858,1527 821,1540 812,1543 800,1540 752,1534 750,1534 685,1547 674,1550 658,1550 513,1540 510,1540 508,1540 464,1559 427,1547 425,1547 423,1547 421,1547 418,1547 418,1550 402,1563 354,1550 352,1550 349,1550 347,1550 345,1550 345,1552 324,1568 324,1570 246,1573 230,1559 227,1559 225,1559 223,1559 115,1580 119,1619"/>
        <Baseline points="119,1619 1109,1561 1723,1538"/>
        <TextEquiv conf="0.9894603108748411">
          <Unicode>le me hilla iermain deuant la iourimeie</Unicode>
        </TextEquiv>
      </TextLine>

      
      
      <TextLine id="eSc_line_7381b818" custom="structure {type:default;}">
        <Coords points="94,1672 94,1683 623,1676 625,1676 676,1660 683,1660 690,1660 747,1669 750,1669 752,1669 782,1655 786,1655 800,1655 881,1662 883,1662 980,1649 998,1646 1010,1646 1099,1655 1102,1655 1104,1655 1152,1639 1159,1639 1171,1639 1260,1649 1263,1649 1417,1628 1417,1616 1412,1573 92,1628 94,1672"/>
        <Baseline points="94,1672 464,1660 961,1626 1417,1616"/>
        <TextEquiv conf="0.9756418245179312">
          <Unicode>Eocire c e denoie ⁊ lirer atourment</Unicode>
        </TextEquiv>
      </TextLine>

      
      
      <TextLine id="eSc_line_5348add9" custom="structure {type:default;}">
        <Coords points="333,1722 333,1745 754,1736 757,1736 759,1736 759,1734 768,1724 775,1715 908,1711 938,1715 980,1722 982,1722 984,1722 987,1722 1003,1711 1010,1708 1014,1711 1044,1722 1046,1722 1049,1722 1051,1722 1053,1722 1053,1720 1067,1708 1074,1704 1083,1706 1106,1713 1109,1713 1111,1713 1157,1704 1178,1699 1194,1701 1272,1713 1274,1713 1277,1713 1279,1713 1279,1711 1281,1711 1288,1701 1309,1711 1311,1711 1313,1711 1456,1685 1456,1674 1449,1621 1320,1637 1274,1630 1249,1626 1247,1626 1065,1632 1063,1632 1033,1644 1010,1651 991,1646 966,1637 964,1637 961,1637 959,1637 924,1649 906,1655 892,1651 869,1642 867,1642 865,1642 768,1646 766,1646 763,1646 750,1658 747,1660 743,1658 713,1649 710,1649 708,1649 706,1649 704,1649 704,1651 701,1651 692,1662 676,1653 674,1653 671,1653 607,1667 589,1669 566,1669 455,1662 453,1662 450,1662 448,1662 432,1676 430,1678 329,1681 333,1722"/>
        <Baseline points="333,1722 934,1690 1456,1674"/>
        <TextEquiv conf="0.9665774491525465">
          <Unicode>uuisse ent de lor et de largent</Unicode>
        </TextEquiv>
      </TextLine>

      
      
      <TextLine id="eSc_line_f84feee3" custom="structure {type:default;}">
        <Coords points="112,1789 112,1803 361,1812 363,1812 501,1791 529,1805 531,1805 533,1805 628,1787 671,1800 674,1800 676,1800 678,1800 738,1782 759,1796 761,1796 763,1796 766,1796 846,1793 849,1793 851,1793 874,1775 892,1775 924,1775 927,1775 1069,1784 1072,1784 1074,1784 1076,1784 1090,1773 1111,1784 1113,1784 1115,1784 1118,1784 1180,1766 1300,1777 1302,1777 1304,1777 1364,1759 1396,1773 1398,1773 1401,1773 1403,1773 1449,1759 1486,1770 1488,1770 1491,1770 1493,1770 1569,1750 1569,1741 1566,1697 1530,1683 1527,1683 1525,1683 1392,1688 1389,1688 1359,1704 1355,1704 1240,1692 1237,1692 1155,1711 1115,1697 1113,1697 1111,1697 991,1718 989,1718 987,1718 929,1704 927,1704 924,1704 922,1704 881,1722 786,1724 736,1727 734,1727 678,1713 676,1713 674,1713 671,1713 669,1713 646,1729 625,1718 623,1718 621,1718 536,1734 423,1722 421,1722 418,1722 416,1722 416,1724 414,1724 402,1741 239,1743 197,1731 195,1731 193,1731 190,1731 188,1731 167,1750 110,1750 112,1789"/>
        <Baseline points="112,1789 1143,1747 1569,1741"/>
        <TextEquiv conf="0.9790884723534455">
          <Unicode>r maues mis amort se nen feray noient</Unicode>
        </TextEquiv>
      </TextLine>

      
      
      <TextLine id="eSc_line_76cacfbb" custom="structure {type:default;}">
        <Coords points="174,1842 174,1856 416,1860 418,1860 421,1860 423,1860 437,1846 439,1846 446,1846 536,1856 538,1856 540,1856 591,1842 600,1839 607,1839 658,1851 660,1851 736,1835 743,1835 752,1835 842,1844 844,1844 918,1828 924,1826 1053,1823 1076,1835 1079,1835 1081,1835 1083,1835 1086,1835 1086,1833 1088,1833 1092,1823 1134,1833 1136,1833 1138,1833 1189,1819 1191,1819 1196,1819 1306,1826 1309,1826 1385,1812 1394,1810 1398,1810 1433,1821 1435,1821 1438,1821 1573,1803 1576,1789 1569,1752 172,1800 174,1842"/>
        <Baseline points="174,1842 1576,1789"/>
        <TextEquiv conf="0.9817265495657921">
          <Unicode>chil ont Resppondu a leur uois elerement</Unicode>
        </TextEquiv>
      </TextLine>

      
      
      <TextLine id="eSc_line_8351d8e7" custom="structure {type:default;}">
        <Coords points="1787,1796 1764,1793 1753,1791 1707,1807 1700,1807 1691,1807 1569,1791 1566,1791 1514,1791 1511,1793 1504,1793 1442,1796 1440,1796 1438,1796 1424,1807 1362,1798 1359,1798 1357,1798 1355,1798 1339,1812 1295,1805 1293,1805 1290,1805 1242,1821 1194,1805 1191,1805 1189,1805 1187,1805 1125,1821 1099,1810 1097,1810 1095,1810 975,1821 938,1814 936,1814 913,1814 832,1833 812,1819 800,1819 793,1819 775,1828 752,1821 731,1821 704,1839 701,1842 651,1842 589,1842 572,1830 570,1830 568,1830 566,1830 499,1842 464,1833 455,1833 446,1833 416,1849 414,1851 133,1858 135,1895 135,1922 278,1906 329,1918 345,1922 347,1922 349,1922 352,1922 363,1918 402,1902 467,1913 492,1918 494,1918 805,1906 807,1906 809,1906 814,1902 832,1888 885,1899 890,1899 892,1899 895,1899 897,1899 929,1881 1822,1865 1822,1835 1810,1800 1787,1796"/>
        <Baseline points="135,1895 602,1883 982,1858 1822,1835"/>
        <TextEquiv conf="0.9785976054820609">
          <Unicode>dar foy ches a bon droit que tu meurs tellement</Unicode>
        </TextEquiv>
      </TextLine>

      
      
      <TextLine id="eSc_line_232c5094" custom="structure {type:default;}">
        <Coords points="280,1892 264,1892 239,1902 218,1911 142,1906 144,1950 144,1980 303,1980 303,1977 306,1977 308,1977 312,1973 335,1957 416,1968 446,1973 448,1973 450,1973 467,1968 508,1952 533,1966 540,1968 543,1968 545,1971 623,1971 623,1968 745,1964 747,1964 759,1957 786,1943 839,1954 844,1954 846,1954 855,1954 952,1938 998,1950 1012,1952 1014,1952 1017,1952 1019,1952 1021,1952 1026,1948 1046,1936 1086,1945 1102,1950 1104,1950 1106,1950 1132,1945 1189,1929 1385,1927 1440,1934 1504,1943 1507,1943 1509,1943 1511,1943 1525,1931 1527,1931 1587,1941 1589,1941 1592,1941 1594,1941 1608,1929 1610,1927 1682,1927 1682,1899 1675,1869 1587,1869 1539,1853 1537,1853 1534,1853 1532,1853 1481,1874 1477,1874 1456,1874 1267,1860 1265,1860 1263,1860 1208,1874 913,1872 911,1872 908,1872 865,1888 849,1892 835,1888 816,1883 814,1883 812,1883 727,1890 662,1897 655,1892 648,1885 646,1885 644,1885 641,1885 639,1885 616,1895 600,1902 333,1906 312,1902 285,1892 280,1892"/>
        <Baseline points="144,1950 699,1938 1042,1913 1682,1899"/>
        <TextEquiv conf="0.9960829473677135">
          <Unicode>euant dun enfant poirdrir tu auoies talent</Unicode>
        </TextEquiv>
      </TextLine>

      
      
      <TextLine id="eSc_line_4313493c" custom="structure {type:default;}">
        <Coords points="529,1943 526,1943 524,1943 522,1943 485,1957 478,1959 467,1957 423,1950 421,1950 418,1950 388,1961 384,1961 379,1961 349,1948 347,1948 345,1948 342,1948 340,1948 317,1964 308,1968 248,1968 241,1966 213,1952 211,1952 209,1952 207,1952 204,1952 195,1959 197,2005 197,2023 722,2019 786,2005 803,2003 830,2005 938,2012 941,2012 943,2012 945,2012 945,2010 957,2000 959,1996 1037,1996 1044,1998 1081,2007 1083,2007 1086,2007 1088,2007 1090,2007 1111,1996 1115,1994 1143,1994 1323,2000 1325,2000 1472,1982 1474,1966 1470,1925 1352,1922 1350,1922 1348,1922 1334,1929 1313,1936 1288,1929 1251,1920 1249,1920 1247,1920 1244,1920 1198,1931 1175,1938 1157,1934 1120,1925 1118,1925 1115,1925 1113,1925 1111,1925 1095,1936 1081,1945 996,1945 971,1941 929,1931 927,1931 924,1931 890,1943 867,1950 844,1945 798,1934 796,1934 793,1934 768,1948 757,1954 644,1957 616,1952 575,1945 572,1945 570,1945 552,1954 549,1957 547,1954 531,1943 529,1943"/>
        <Baseline points="197,2005 1474,1966"/>
        <TextEquiv conf="0.9942487859063678">
          <Unicode>ly ferous ia mal ainsy ne aultremẽt</Unicode>
        </TextEquiv>
      </TextLine>

      
      
      <TextLine id="eSc_line_ad6115f6" custom="structure {type:default;}">
        <Coords points="184,2060 184,2079 1458,2051 1458,2033 1451,1994 181,2012 184,2060"/>
        <Baseline points="184,2060 1458,2033"/>
        <TextEquiv conf="0.9594069197773933">
          <Unicode>eleirut partuer cos et iucdeinet</Unicode>
        </TextEquiv>
      </TextLine>

      
      
      <TextLine id="eSc_line_e529329b" custom="structure {type:default;}">
        <Coords points="1309,2037 1306,2037 1304,2037 1272,2051 1141,2042 1136,2042 1134,2042 1132,2042 1102,2058 975,2049 973,2049 971,2049 913,2063 855,2049 846,2049 844,2049 842,2049 839,2049 839,2051 814,2067 750,2067 664,2058 662,2058 575,2072 140,2072 142,2122 142,2157 195,2157 195,2155 197,2155 200,2152 232,2136 285,2145 287,2145 345,2134 386,2145 400,2150 402,2150 404,2150 566,2143 568,2143 570,2143 575,2139 589,2127 625,2136 632,2139 635,2139 637,2139 639,2139 646,2136 669,2125 803,2129 869,2132 872,2132 899,2127 936,2118 984,2122 1067,2132 1069,2132 1072,2132 1074,2132 1088,2120 1178,2129 1180,2129 1182,2129 1184,2129 1184,2127 1198,2116 1283,2127 1286,2127 1288,2127 1332,2109 1334,2109 1346,2109 1465,2116 1468,2116 1550,2099 1550,2086 1543,2030 1346,2051 1311,2037 1309,2037"/>
        <Baseline points="142,2122 1550,2086"/>
        <TextEquiv conf="0.9779303931608433">
          <Unicode>Iu bos sy uont tramne sans nulariestemẽt</Unicode>
        </TextEquiv>
      </TextLine>

      
      
      <TextLine id="eSc_line_d4709b83" custom="structure {type:default;}">
        <Coords points="1783,2090 1748,2086 1746,2086 1744,2086 1728,2093 1686,2116 1658,2095 1649,2088 1647,2088 1645,2088 1553,2088 1550,2088 1481,2102 1474,2102 1472,2102 1447,2090 1445,2090 1442,2090 1440,2090 1412,2104 1401,2109 1382,2104 1339,2093 1336,2093 1334,2093 1332,2093 1302,2106 1270,2122 1208,2109 1187,2106 1184,2106 1182,2106 1180,2106 1175,2111 1166,2118 1145,2111 1136,2109 1134,2109 1132,2109 1129,2109 1120,2113 1097,2122 1072,2113 1063,2111 1060,2111 1058,2111 1037,2116 1010,2120 989,2116 931,2102 931,2104 908,2104 892,2104 844,2120 816,2106 816,2106 793,2106 786,2106 724,2125 694,2132 625,2127 520,2120 517,2120 515,2120 492,2132 485,2136 303,2136 269,2125 266,2125 264,2125 262,2125 260,2125 239,2139 236,2141 149,2141 151,2185 151,2194 280,2205 283,2205 444,2191 494,2189 501,2191 517,2201 520,2201 522,2201 524,2201 552,2191 568,2187 616,2191 699,2198 701,2198 704,2198 729,2189 754,2182 846,2189 913,2194 915,2194 918,2194 920,2194 927,2189 941,2180 1017,2187 1040,2189 1042,2189 1060,2187 1136,2175 1217,2187 1247,2189 1249,2189 1251,2189 1260,2185 1286,2173 1355,2185 1371,2187 1373,2187 1375,2187 1382,2185 1415,2171 1794,2180 1797,2148 1792,2095 1783,2090"/>
        <Baseline points="151,2185 664,2173 964,2155 1797,2148"/>
        <TextEquiv conf="0.9843066131814997">
          <Unicode>enfant les und uilisson ont conchietspo᷑ leuat̃</Unicode>
        </TextEquiv>
      </TextLine>

      
      
      <TextLine id="eSc_line_b8f770ca" custom="structure {type:default;}">
        <Coords points="568,2175 549,2175 515,2185 492,2189 485,2185 471,2178 453,2180 434,2180 395,2187 358,2191 329,2187 296,2182 292,2182 269,2182 246,2185 234,2185 223,2187 225,2235 225,2265 299,2254 510,2258 639,2260 641,2260 708,2254 812,2240 844,2249 862,2254 865,2254 867,2254 869,2254 890,2247 927,2235 1104,2235 1120,2242 1143,2251 1145,2251 1148,2251 1150,2251 1152,2251 1168,2240 1171,2237 1173,2240 1191,2249 1194,2249 1196,2249 1244,2237 1265,2233 1277,2237 1300,2247 1302,2247 1304,2247 1306,2247 1339,2235 1350,2231 1362,2235 1394,2247 1396,2247 1398,2247 1401,2247 1454,2233 1461,2231 1470,2231 1555,2244 1557,2244 1560,2244 1587,2231 1714,2237 1716,2237 1718,2237 1744,2224 1744,2210 1737,2171 1555,2171 1502,2157 1500,2157 1497,2157 1495,2157 1493,2157 1493,2159 1477,2173 1472,2173 1382,2159 1380,2159 1378,2159 1325,2175 1318,2175 1309,2175 1203,2162 1201,2162 1198,2162 1161,2178 1157,2178 1155,2178 1120,2164 1118,2164 1115,2164 1113,2164 1088,2178 1069,2164 1067,2164 1065,2164 1063,2164 987,2178 927,2166 924,2166 922,2166 920,2166 920,2168 918,2168 908,2180 906,2182 883,2180 782,2168 780,2168 777,2168 752,2182 747,2185 736,2182 713,2175 710,2175 708,2175 644,2182 609,2187 600,2185 579,2175 568,2175"/>
        <Baseline points="225,2235 968,2214 1744,2210"/>
        <TextEquiv conf="0.961772851827668">
          <Unicode>⁊ lun des modirdreus as aultres haulemẽt</Unicode>
        </TextEquiv>
      </TextLine>

      
      
      <TextLine id="eSc_line_69b329ea" custom="structure {type:default;}">
        <Coords points="1599,2212 1576,2212 1573,2212 1553,2219 1527,2226 1504,2219 1472,2212 1470,2212 1468,2212 1403,2224 1357,2231 1306,2226 1237,2219 1235,2219 1233,2219 1201,2228 1178,2235 1115,2231 1003,2224 1000,2224 998,2224 973,2235 961,2240 943,2235 892,2226 890,2226 819,2240 793,2244 775,2242 727,2231 724,2231 722,2231 720,2231 720,2233 708,2242 706,2247 600,2249 582,2247 515,2235 513,2235 510,2235 508,2235 487,2249 483,2251 455,2251 319,2242 317,2242 315,2242 312,2242 312,2244 310,2244 303,2254 301,2256 276,2244 273,2244 271,2244 218,2256 220,2297 220,2320 1668,2283 1668,2263 1663,2217 1612,2212 1599,2212"/>
        <Baseline points="220,2297 1668,2263"/>
        <TextEquiv conf="0.970948065199503">
          <Unicode>guers a cel enfant quide uiaulte resplent</Unicode>
        </TextEquiv>
      </TextLine>

      
      
      <TextLine id="eSc_line_f2f7aa3c" custom="structure {type:default;}">
        <Coords points="128,2359 128,2373 513,2375 515,2375 517,2375 559,2362 572,2359 602,2362 685,2369 687,2369 846,2355 906,2350 934,2352 1012,2362 1014,2362 1017,2362 1040,2350 1044,2348 1063,2348 1166,2359 1168,2359 1171,2359 1173,2359 1194,2346 1196,2343 1203,2346 1242,2357 1244,2357 1247,2357 1468,2352 1470,2352 1495,2341 1580,2350 1583,2350 1658,2332 1658,2320 1652,2274 126,2309 128,2359"/>
        <Baseline points="128,2359 768,2334 1658,2320"/>
        <TextEquiv conf="0.9834096653516903">
          <Unicode>dotray pour ly comirir sil uoꝰ uient ataler</Unicode>
        </TextEquiv>
      </TextLine>

      
      
      <TextLine id="eSc_line_e4b694c6" custom="structure {type:default;}">
        <Coords points="352,2403 352,2426 577,2424 579,2424 591,2421 632,2408 754,2417 809,2419 812,2419 814,2419 816,2419 816,2417 821,2415 832,2403 865,2412 872,2415 874,2415 876,2415 878,2415 888,2412 931,2401 1102,2405 1159,2408 1161,2408 1164,2408 1166,2408 1166,2405 1168,2405 1175,2396 1260,2396 1267,2401 1272,2405 1272,2408 1274,2408 1277,2408 1279,2410 1355,2410 1355,2408 1357,2408 1387,2398 1412,2392 1440,2396 1481,2405 1484,2405 1530,2394 1555,2389 1573,2394 1608,2401 1610,2401 1686,2389 1686,2375 1682,2334 1511,2325 1509,2325 1277,2341 1247,2343 1242,2343 1208,2332 1205,2332 1203,2332 1201,2332 1198,2332 1184,2343 1184,2346 1010,2348 1005,2348 929,2336 927,2336 819,2352 809,2352 796,2352 593,2343 591,2343 589,2343 586,2343 570,2357 536,2348 533,2348 531,2348 349,2362 352,2403"/>
        <Baseline points="352,2403 971,2382 1686,2375"/>
        <TextEquiv conf="0.9851709353296381">
          <Unicode>geeant droichy il ne uault pas ꝯramẽt</Unicode>
        </TextEquiv>
      </TextLine>

      
      
      <TextLine id="eSc_line_537dda4a" custom="structure {type:default;}">
        <Coords points="1426,2380 1403,2380 1380,2380 1357,2380 1352,2380 1313,2394 1297,2398 1290,2394 1274,2380 1272,2380 1270,2380 1267,2380 1265,2380 1228,2396 1226,2396 1224,2396 1194,2382 1191,2382 1189,2382 1187,2382 1157,2396 1063,2385 1060,2385 991,2398 966,2387 964,2387 961,2387 908,2389 906,2389 904,2389 904,2392 888,2405 885,2405 867,2389 865,2389 862,2389 860,2389 858,2389 821,2408 812,2410 800,2408 754,2394 752,2394 750,2394 595,2412 559,2417 540,2415 471,2401 460,2401 450,2401 421,2417 414,2421 161,2424 163,2463 163,2493 469,2477 497,2484 533,2490 536,2490 538,2490 540,2490 552,2481 563,2472 575,2479 579,2484 582,2484 584,2484 586,2484 589,2484 600,2479 621,2470 664,2477 717,2486 720,2486 722,2486 752,2474 766,2470 796,2472 835,2477 837,2477 839,2477 851,2470 869,2461 1069,2458 1090,2463 1141,2477 1143,2477 1145,2477 1148,2477 1150,2477 1150,2474 1166,2461 1171,2456 1191,2458 1235,2465 1237,2465 1240,2465 1258,2456 1265,2454 1270,2456 1290,2472 1293,2472 1295,2472 1297,2472 1465,2470 1468,2470 1504,2451 1580,2461 1583,2461 1668,2442 1668,2428 1663,2385 1433,2378 1426,2380"/>
        <Baseline points="163,2463 1668,2428"/>
        <TextEquiv conf="0.9824638643930125">
          <Unicode>et ly aultre respont uous parles saĩgemẽt</Unicode>
        </TextEquiv>
      </TextLine>

      
      
      <TextLine id="eSc_line_c9a0cd13" custom="structure {type:default;}">
        <Coords points="149,2530 149,2557 232,2541 400,2553 418,2553 421,2553 423,2553 425,2553 441,2536 485,2534 497,2543 497,2546 499,2546 501,2546 503,2546 579,2530 690,2539 692,2539 694,2539 697,2539 708,2527 757,2541 773,2546 775,2546 777,2546 780,2546 782,2546 782,2543 786,2541 803,2523 1060,2520 1088,2530 1111,2539 1113,2539 1115,2539 1217,2536 1219,2536 1221,2536 1235,2525 1242,2520 1258,2525 1290,2534 1293,2534 1295,2534 1297,2534 1300,2534 1300,2532 1309,2523 1311,2523 1325,2523 1433,2532 1435,2532 1438,2532 1463,2518 1465,2518 1479,2518 1619,2527 1622,2527 1624,2527 1675,2511 1675,2497 1668,2438 1516,2461 1348,2461 1332,2449 1329,2449 1327,2449 1325,2449 1217,2465 1065,2454 1023,2451 1021,2451 954,2456 837,2467 775,2463 731,2458 729,2458 727,2458 713,2463 681,2477 646,2465 641,2465 639,2465 637,2465 614,2467 499,2479 485,2470 473,2463 471,2463 469,2463 467,2463 416,2472 358,2484 338,2474 322,2467 319,2467 317,2467 315,2467 283,2477 253,2484 147,2481 149,2530"/>
        <Baseline points="149,2530 924,2502 1675,2497"/>
        <TextEquiv conf="0.9889549057592045">
          <Unicode>dont leruolespa chieux ou iezerant urieumẽt</Unicode>
        </TextEquiv>
      </TextLine>

      
      
      <TextLine id="eSc_line_873ec60e" custom="structure {type:default;}">
        <Coords points="568,2516 566,2516 563,2516 561,2516 556,2518 533,2534 340,2527 338,2527 335,2527 333,2527 317,2539 248,2527 234,2527 236,2585 236,2612 340,2612 340,2610 342,2610 347,2608 386,2589 425,2605 427,2605 430,2605 432,2605 471,2592 517,2605 522,2605 524,2605 526,2605 529,2605 533,2605 572,2594 694,2601 713,2601 715,2601 717,2601 720,2601 768,2580 837,2599 846,2599 849,2599 851,2599 853,2599 853,2596 885,2578 929,2589 931,2589 934,2589 936,2589 938,2589 938,2587 950,2578 982,2589 984,2589 987,2589 989,2589 991,2589 991,2587 1005,2576 1150,2582 1152,2582 1155,2582 1189,2571 1212,2589 1214,2589 1217,2589 1219,2589 1226,2589 1318,2571 1348,2587 1350,2587 1352,2587 1355,2587 1357,2587 1362,2585 1392,2573 1463,2582 1465,2553 1458,2507 1288,2518 1256,2509 1240,2504 1237,2504 1235,2504 1233,2504 1231,2504 1226,2509 1212,2518 1168,2509 1157,2509 1155,2509 1152,2509 1148,2511 1118,2520 1086,2511 1069,2507 1067,2507 1065,2507 874,2509 872,2509 869,2509 869,2511 867,2511 865,2513 858,2523 851,2516 849,2513 849,2511 846,2511 844,2511 796,2511 793,2511 791,2511 789,2511 782,2516 759,2530 681,2518 667,2516 664,2516 662,2516 658,2518 632,2532 582,2518 570,2516 568,2516"/>
        <Baseline points="236,2585 708,2573 980,2555 1465,2553"/>
        <TextEquiv conf="0.973289305672926">
          <Unicode>toit enuele pes bi enses de iouuet</Unicode>
        </TextEquiv>
      </TextLine>

      
      
      <TextLine id="eSc_line_0139cdde" custom="structure {type:default;}">
        <Coords points="566,2578 545,2589 536,2594 522,2589 487,2580 473,2580 450,2580 446,2580 398,2594 386,2596 372,2594 312,2587 310,2587 151,2601 154,2645 154,2663 340,2668 342,2668 345,2668 372,2661 411,2649 462,2658 508,2665 510,2665 793,2661 860,2649 931,2635 1141,2635 1164,2645 1184,2651 1187,2651 1189,2651 1258,2642 1316,2633 1343,2640 1375,2649 1378,2649 1380,2649 1442,2638 1493,2628 1530,2635 1560,2642 1562,2642 1734,2631 1737,2608 1730,2553 1672,2555 1670,2555 1668,2555 1640,2573 1530,2557 1518,2557 1516,2557 1514,2557 1511,2557 1511,2559 1491,2576 1449,2564 1447,2564 1445,2564 1373,2576 1343,2564 1336,2562 1334,2562 1332,2562 1329,2562 1320,2564 1277,2578 1221,2569 1187,2562 1184,2562 1028,2566 1026,2566 1007,2576 989,2582 961,2576 941,2571 938,2571 936,2571 904,2578 867,2587 839,2580 800,2569 798,2569 796,2569 710,2585 664,2594 607,2594 598,2587 582,2578 566,2578"/>
        <Baseline points="154,2645 743,2635 1042,2615 1737,2608"/>
        <TextEquiv conf="0.9892771493556888">
          <Unicode>un paille dont ie mere ot fait un uestemẽt</Unicode>
        </TextEquiv>
      </TextLine>

      
      
      <TextLine id="eSc_line_c8ceb2fa" custom="structure {type:default;}">
        <Coords points="167,2704 167,2730 356,2720 375,2725 400,2732 402,2732 404,2732 407,2732 425,2723 446,2714 566,2720 602,2720 605,2720 607,2720 614,2718 632,2709 655,2716 674,2723 676,2723 678,2723 681,2723 713,2716 738,2709 761,2714 786,2720 789,2720 791,2720 793,2720 814,2711 835,2704 938,2709 1090,2716 1092,2716 1095,2716 1134,2702 1152,2697 1187,2702 1244,2709 1247,2709 1249,2709 1267,2700 1281,2691 1371,2691 1392,2695 1431,2707 1433,2707 1435,2707 1491,2695 1539,2704 1541,2704 1543,2704 1583,2691 1589,2688 1596,2691 1642,2702 1645,2702 1647,2702 1778,2684 1780,2668 1776,2626 1663,2615 1661,2615 1658,2615 1656,2615 1656,2617 1645,2628 1642,2628 1629,2628 1468,2619 1465,2619 1380,2633 1369,2635 1359,2635 1300,2624 1297,2624 1295,2624 1293,2624 1277,2635 1272,2638 1249,2638 1092,2628 1090,2628 922,2645 888,2647 830,2647 593,2642 591,2642 165,2661 167,2704"/>
        <Baseline points="167,2704 1173,2674 1780,2668"/>
        <TextEquiv conf="0.9953180253505707">
          <Unicode>dont ly mourdereux sen partent uistement</Unicode>
        </TextEquiv>
      </TextLine>

      
      
      <TextLine id="eSc_line_90f2c07b" custom="structure {type:default;}">
        <Coords points="1352,2674 1198,2695 1141,2704 943,2707 913,2700 876,2691 874,2691 872,2691 869,2691 867,2691 867,2693 858,2700 849,2714 789,2716 687,2716 667,2704 658,2697 655,2697 653,2697 651,2697 648,2697 623,2704 584,2716 536,2707 513,2702 510,2702 471,2707 352,2725 329,2709 326,2709 324,2709 322,2709 163,2711 165,2769 165,2796 248,2787 266,2796 285,2806 287,2806 289,2806 292,2806 294,2806 294,2803 303,2796 310,2785 329,2794 331,2794 333,2794 335,2794 377,2783 409,2792 425,2796 427,2796 430,2796 432,2796 434,2796 434,2794 439,2792 450,2780 485,2789 510,2796 513,2796 515,2799 724,2799 724,2796 796,2794 798,2794 800,2794 823,2780 842,2769 862,2778 888,2789 890,2789 892,2789 895,2789 897,2789 915,2776 922,2771 947,2776 980,2780 982,2780 984,2780 987,2780 994,2773 1010,2762 1033,2773 1060,2785 1063,2785 1065,2785 1182,2780 1184,2780 1214,2766 1221,2764 1231,2766 1270,2778 1272,2778 1274,2778 1277,2778 1279,2778 1295,2764 1300,2760 1313,2764 1352,2776 1355,2776 1357,2776 1359,2776 1362,2776 1380,2762 1396,2750 1635,2753 1638,2720 1635,2688 1594,2672 1592,2672 1589,2672 1587,2672 1585,2672 1560,2688 1491,2679 1488,2679 1486,2679 1463,2691 1458,2691 1355,2674 1352,2674"/>
        <Baseline points="165,2769 1638,2720"/>
        <TextEquiv conf="0.9845534194083441">
          <Unicode>Nest un chie propre lieu asses hastieumẽt</Unicode>
        </TextEquiv>
      </TextLine>

      
      
      <TextLine id="eSc_line_dfa8af9a" custom="structure {type:default;}">
        <Coords points="179,2831 179,2861 239,2849 294,2858 303,2858 306,2858 308,2858 310,2858 326,2845 370,2856 381,2858 384,2858 386,2858 1652,2815 1652,2799 1647,2764 1587,2764 1553,2746 1550,2746 1548,2746 1546,2746 1543,2746 1523,2757 1364,2753 1362,2753 1359,2753 1357,2753 1343,2764 1311,2753 1309,2753 1306,2753 1237,2766 1214,2771 1196,2766 1166,2760 1164,2760 1161,2760 1159,2760 1136,2769 1120,2776 1051,2776 1042,2769 1023,2757 1021,2757 1019,2757 1017,2757 851,2771 701,2783 664,2773 644,2766 641,2766 639,2766 637,2766 623,2773 595,2785 529,2773 497,2769 494,2769 492,2769 490,2769 483,2773 462,2787 425,2776 414,2771 411,2771 409,2771 377,2776 269,2792 177,2778 179,2831"/>
        <Baseline points="179,2831 1652,2799"/>
        <TextEquiv conf="0.9856832302533663">
          <Unicode>uit ly pois cloeins o luy cheuaber cent</Unicode>
        </TextEquiv>
      </TextLine>

      
      
      <TextLine id="eSc_line_744f7cb7" custom="structure {type:default;}">
        <Coords points="340,2829 331,2829 315,2835 301,2842 202,2840 204,2884 204,2907 630,2909 632,2909 676,2902 736,2893 768,2902 780,2904 782,2904 784,2904 1007,2902 1010,2902 1012,2902 1017,2898 1026,2891 1035,2898 1040,2902 1042,2902 1044,2902 1046,2902 1106,2898 1256,2884 1295,2895 1304,2898 1306,2898 1309,2898 1311,2898 1318,2895 1350,2881 1585,2891 1587,2891 1589,2891 1635,2877 1776,2888 1778,2858 1774,2803 1691,2803 1688,2803 1686,2803 1684,2803 1649,2822 1571,2808 1560,2806 1557,2806 1555,2806 1548,2808 1511,2817 1481,2808 1477,2808 1474,2808 1472,2808 1470,2808 1468,2808 1468,2810 1447,2826 1412,2812 1410,2812 1408,2812 1334,2824 1311,2812 1304,2810 1302,2810 1300,2810 1297,2810 1286,2812 1244,2826 1212,2815 1210,2815 1208,2815 1205,2815 1203,2815 1201,2815 1173,2831 1083,2819 1051,2815 1049,2815 1046,2815 1035,2819 1010,2831 957,2824 954,2824 952,2824 904,2835 851,2824 828,2819 826,2819 823,2819 805,2824 759,2838 720,2826 708,2824 706,2824 704,2824 683,2829 628,2840 554,2831 547,2831 545,2831 529,2831 395,2842 377,2835 358,2829 340,2829"/>
        <Baseline points="204,2884 1778,2858"/>
        <TextEquiv conf="0.9899481883863124">
          <Unicode>t aloient gere rõme cheuanchant rademẽt</Unicode>
        </TextEquiv>
      </TextLine>

      
      
      <TextLine id="eSc_line_5f6d894f" custom="structure {type:default;}">
        <Coords points="177,2934 177,2960 506,2946 561,2955 563,2955 566,2955 568,2955 584,2944 706,2953 713,2953 715,2953 720,2953 796,2941 846,2950 851,2950 853,2950 855,2950 858,2950 876,2939 975,2948 984,2948 987,2948 1007,2948 1189,2934 1661,2934 1665,2909 1656,2863 1612,2875 1534,2865 1527,2865 1525,2865 1389,2868 1387,2868 1385,2868 1385,2870 1369,2879 1293,2872 1272,2870 1270,2870 1267,2870 1260,2872 1237,2881 1173,2875 1148,2872 1145,2872 1125,2875 1081,2884 1044,2877 1023,2875 1021,2875 1019,2875 1007,2879 982,2886 844,2881 722,2879 720,2879 717,2879 715,2879 708,2886 699,2891 563,2888 338,2886 335,2886 174,2898 177,2934"/>
        <Baseline points="177,2934 1665,2909"/>
        <TextEquiv conf="0.9842461378950822">
          <Unicode>dour ueir de chgequi qrand est durente</Unicode>
        </TextEquiv>
      </TextLine>

      
      
      <TextLine id="eSc_line_ff8e6243" custom="structure {type:default;}">
        <Coords points="181,2983 181,3008 278,3022 280,3022 283,3022 285,3022 308,3006 310,3003 400,2999 409,3003 441,3019 444,3019 446,3019 515,3017 517,3017 520,3017 547,2999 554,2994 715,2994 720,2996 745,3012 747,3012 750,3012 752,3015 800,3015 800,3012 803,3012 839,2992 846,2989 853,2992 899,3010 901,3010 904,3010 1104,2989 1166,3006 1168,3006 1171,3006 1173,3006 1175,3006 1198,2987 1233,3003 1235,3003 1237,3003 1375,2978 1375,2962 1369,2930 179,2937 181,2983"/>
        <Baseline points="181,2983 1375,2962"/>
        <TextEquiv conf="0.9886664766818285">
          <Unicode>euant castre lussa ses bõmes et</Unicode>
        </TextEquiv>
      </TextLine>

      
      
      <TextLine id="eSc_line_aba27e6a" custom="structure {type:default;}">
        <Coords points="1435,2960 1435,2973 1608,2966 1608,2953 1601,2916 1433,2916 1435,2960"/>
        <Baseline points="1435,2960 1608,2953"/>
        <TextEquiv>
          <Unicode></Unicode>
        </TextEquiv>
      </TextLine>

      
      
      <TextLine id="eSc_line_91cdae1a" custom="structure {type:default;}">
        <Coords points="1840,2992 1829,2950 1822,2948 1820,2948 1817,2948 1721,2962 1615,2953 1612,2953 1610,2953 1580,2966 1534,2957 1532,2957 1256,2978 1247,2978 1242,2978 1129,2966 1127,2966 1120,2966 1097,2983 1095,2985 952,2987 878,2987 860,2976 858,2976 855,2976 853,2976 789,2992 784,2992 780,2992 740,2980 738,2980 736,2980 538,2983 536,2983 533,2983 513,2999 510,3001 425,3001 398,2987 395,2987 393,2987 301,2989 299,2989 296,2989 276,3001 278,3040 278,3102 361,3102 363,3102 365,3102 444,3065 556,3065 589,3084 591,3084 593,3084 630,3088 687,3093 690,3093 770,3091 773,3091 775,3091 775,3088 784,3081 800,3068 860,3077 920,3086 922,3086 924,3086 927,3086 927,3084 938,3075 941,3072 945,3072 957,3081 959,3081 961,3081 964,3081 1019,3070 1109,3049 1203,3061 1265,3068 1267,3068 1270,3068 1311,3056 1355,3042 1419,3049 1564,3068 1566,3068 1700,3040 1753,3063 1755,3063 1757,3063 1760,3063 1849,3029 1849,2996 1847,2962 1838,2957 1840,2992"/>
        <Baseline points="278,3040 1849,2996"/>
        <TextEquiv conf="0.9823418012479457">
          <Unicode>ers le chrite de rõme chruanchois clouns</Unicode>
        </TextEquiv>
      </TextLine>

      
    </TextRegion>
    
    <TextRegion id="eSc_textblock_e90696d1"  custom="structure {type:text;}">
      <Coords points="250,3127 264,3127 264,3144 248,3144 250,3127"/>
      
    </TextRegion>
    

    
  </Page>
</PcGts>
