3104 4140
501 708 1267 844 a uie saint alexit
1564 701 1645 798 11
335 821 1725 959 agueur Rour dieu le tresdoulz roy amant
147 887 1562 1016 y otes une istoire que est belle et plaiant
115 956 1359 1071 Dun tra bonprendõme qui ues qui sainteii
117 1014 1247 1127 lex lapila on par son tom uraienat
126 1071 1272 1184 Etide tõure fu nes celle chite plaisant
110 1122 1456 1239 Otrmiens alaon son tresdoulz pere nõmant
322 1212 1219 1288 fu du su de cõme uaaiement
195 1216 1431 1354 poirs che quil nuoit plus deufait apũt
128 1338 156 1391 l
236 1281 1525 1407 y dona son pere uie fille belle etgent
167 1347 1523 1465 ille fu de lamiral de rõme sy con uadisant
142 1407 1401 1520 De eome la chite auoir grant tenemcent
223 1465 1530 1584 plus belli quil fust en che monde uinãt
133 1536 1631 1626 mais ly rescoulx alex sy ne uolt tant in quant
156 1591 172 1658 ¶
253 1589 1348 1678 exal son als seruir le Royamant
156 1639 1665 1734 et puns dont sy Ru sains sy con uous yrandisant
110 1695 1640 1796 Se dieu qlest en ce liri. le uous praion lisai
142 1754 1780 1851 gue toute pur domenerent moult tresbelle ioie grat
207 1828 1428 1904 ala le pur fiuant la nuit a la aprochant
144 1869 1672 1952 Se inir etdames furent en cambres entrant
165 1922 1576 2010 ron a la poinr conchier ales le uoulx enfant
255 1987 1421 2067 son pers et sa mere eurõt tout presen
144 2017 1686 2122 Cant que son tresdoulx pere d dist tout ensement
264 2088 1274 2175 de mour sen uint a son fus alexie
186 2136 1382 2231 Et dy dist Iel grase te domit dieux
193 2185 1718 2283 cuegeurer puisse hoir de quoy noꝰ uullons mieixo
211 2244 1716 2334 enbant se ne dit mõt tous moulliea ot fos yorx
246 2309 1509 2398 i plourant on le uit a son lit descamlpe
223 2369 1566 2454 on chier yere se mere furent a sonrouchier
299 2433 1709 2504 pere er le more uout le aaunbri uuidier
213 2474 1431 2557 ii on son lit estait souchie conte mie
204 2513 1863 2612 noult le ut ulanche ⁊ teure uienfaite ecpõdrene
211 2578 1695 2654 ⁊ ne scent il que faire puut bist uierge a solue
255 2626 1838 2711 souffres qui saiche euuri dout anan soit ꝑour
209 2677 1520 2748 loxie uit de cain ure quessoit ben prare
227 2718 1718 2817 ⁊ perchut la puchelle uermelle et coulouren
225 2792 1398 2879 dout ly rameuro ⁊ sy uint eu pei
1428 2799 1465 2861 U
230 2840 1741 2930 fue la poie du moude nauoit point de durer
216 2904 1557 2992 et qouil s Resouuut cõmẽt sy doul Ihus
209 2960 1461 3042 ault cupourete pestre sy souffor qui
1585 2932 1734 3019 Duĩ
223 3006 1700 3093 u en la sainte Rrou pus de staubs et qus nust
202 3042 1638 3185 lors sest s uone enfaie ꝯtre terre endentut
