3104 4140
1155 717 2287 811 Gar il uit sen uaissel les une Roche aler
1152 791 2508 857 Onques li marõmer nel porent destourner
1129 839 2517 917 Le sen ua li dromons quil ne porent aucrer
1148 883 2420 968 Ams les fist li delouures a le sloche hurter
1166 931 2581 1021 Rũe plus de nulle pieches le coumt effroer
1152 995 2457 1074 la ny eult sarrazin cõques peust escap r
1143 1048 2498 1131 Ne couuemist noyer et en liaue enfondrez
1145 1106 2468 1189 Elame le pucelle prãt dieu a reclamer
1145 1159 2540 1248 Et dist doulx Ihũ crist qui tout as a sauuer
1214 1216 2572 1299 te pri que me ueulles de che peril getter
1141 1267 2625 1357 Et dieꝰ li toꝰ puissans le uault bien estouter
1161 1324 2494 1407 Car dessus une planque fist le belle poser
1120 1382 2466 1465 Toute seulle sen uault ꝑ my la mer floter
1141 1444 2662 1527 Erusy le cõduist dieux po lui uault demonstrer
1235 1497 2406 1570 ste uelle nuracle que młt fist a loer
1272 1554 2326 1637 sen ua ꝑ le mer elame le Romre
1168 1591 2643 1681 uencquez lui nauoit ne uarlet ne mesq̾ue
1145 1646 2685 1736 Moult ot dauoy o ceur dãgousse en de famine
1164 1711 2673 1793 Eu deux Iours ne menga de ble ne de ferme
1168 1761 2310 1853 hñs ua Reclamãt et le uertu duũne
1166 1807 2521 1911 ly Rois tous poissans dist le gente mesqͥue
1159 1869 2784 1973 e te prie et Requier grarde ceste orpheture opheuine
1148 1931 2434 2028 osle Muraiement aulcun bien me destine
1138 1984 2466 2093 Quiga moy esquer de loeure serxentine
1150 2056 2505 2148 fet garder di pequiet ou Iapoye hayne
1134 2118 2620 2201 Dout mes peres li Rois uoloir faire aastine
1134 2173 2583 2265 Say laissiet le Roy alme dont doy estre Royne
1129 2247 2448 2320 Ei ñe suy affiie ꝯme poure begumie
1129 2277 2726 2382 Gar iay plus chier a estre en bien poure doctrine
1134 2357 2402 2424 Cet us i huur toupioure de peusee eterme
1138 2405 2639 2497 Questre dame Royaux tenãt noble saisme
1145 2465 2666 2557 fet faire le pequiet dont Iestode en la mine
1136 2536 2547 2615 y anchoies Rois que uechy poure estriue
1129 2580 2616 2674 Dieu te ꝑdouest le mal que Iay en le marme
1090 2647 2639 2732 Taut ala ⁊ le mer quelle est entree enchine
1138 2697 2641 2794 Chou est une Rmiere quẽ engleterre acline
1134 2760 2705 2849 Dout aꝑchoit ung castel que fut doeure perme
1136 2817 2441 2907 En engletre siet celle pour mauerine
1145 2884 2590 2966 le ndeuf castel a snoi le mer li est uoisme
1359 2927 2567 3015 le belle elame en le mer sans batel
1164 2973 2724 3118 ꝓpar dessu une plãque flotans sans nul Reuel
2837 1591 2894 1685 iͥ
