<?xml version="1.0" encoding="UTF-8"  standalone="yes"?>
<PcGts xmlns="http://schema.primaresearch.org/PAGE/gts/pagecontent/2019-07-15" xmlns:xsi="http://www.w3.org/2001/XMLSchema-instance" xsi:schemaLocation="http://schema.primaresearch.org/PAGE/gts/pagecontent/2019-07-15 http://schema.primaresearch.org/PAGE/gts/pagecontent/2019-07-15/pagecontent.xsd">
  <Metadata>
	<Creator>escriptorium</Creator>
	<Created>2025-10-15T20:23:59.093687+00:00</Created>
        <LastChange>2025-10-15T20:23:59.093711+00:00</LastChange>

  </Metadata>
  <Page imageFilename="620416201_MS0742_0766_0004A.jpg" imageWidth="3104" imageHeight="4140">

    
    <TextRegion id="eSc_textblock_572ff9bc"  custom="structure {type:text;}">
      <Coords points="1336,552 1560,552 1679,588 1744,653 1725,706 1755,745 1882,772 1939,883 2020,864 2038,963 1893,991 1780,1083 1672,1110 1587,1248 872,1368 524,1377 365,1423 347,1386 257,1377 239,855 276,726 46,678 46,570 1336,552"/>
      
      
      <TextLine id="eSc_line_bd6b687f" custom="structure {type:default;}">
        <Coords points="1606,568 1583,561 1560,554 1537,554 1514,554 1491,554 1468,554 1445,554 1421,554 1398,554 1375,554 1352,554 1329,554 1306,554 1283,554 1260,554 1237,554 1214,554 1191,554 1168,554 1145,556 1122,556 1099,556 1076,556 1053,556 1030,556 1007,556 984,556 961,558 938,558 915,558 892,558 869,558 846,558 823,558 800,558 777,561 754,561 731,561 708,561 685,561 662,561 639,561 616,561 593,563 591,563 575,579 391,581 276,581 250,565 248,565 225,568 202,568 179,568 156,568 133,568 110,568 87,568 64,568 66,644 66,694 193,669 241,690 250,694 253,694 255,694 283,690 402,662 450,683 462,687 464,687 467,690 618,690 618,687 708,685 710,685 754,671 798,655 830,667 860,678 862,678 865,678 867,678 911,664 954,650 994,660 1017,667 1019,667 1021,667 1023,667 1040,660 1053,650 1067,657 1076,664 1079,664 1081,664 1083,664 1086,664 1088,664 1097,657 1111,646 1178,646 1196,653 1242,671 1244,671 1247,671 1249,671 1304,648 1306,648 1311,648 1362,657 1364,657 1458,641 1470,641 1474,641 1516,653 1518,653 1520,653 1633,634 1633,614 1617,570 1606,568"/>
        <Baseline points="66,644 715,639 1633,614"/>
        <TextEquiv conf="0.9413230114362456">
          <Unicode>Siblicthita menurha sli Uedasti ⁊trebat usis</Unicode>
        </TextEquiv>
      </TextLine>

      
      
      <TextLine id="eSc_line_8eb875b0" custom="structure {type:default;}">
        <Coords points="1053,715 1173,726 1175,726 1178,726 1180,726 1198,715 1208,710 1286,713 1290,694 1288,653 1205,639 1203,639 1201,639 1198,639 1194,644 1187,648 1182,641 1171,632 1171,630 1168,630 1166,630 1164,630 1127,637 1081,648 1060,632 1056,690 1053,715"/>
        <Baseline points="1056,690 1290,694"/>
        <TextEquiv conf="0.9639911413192749">
          <Unicode>a uxi</Unicode>
        </TextEquiv>
      </TextLine>

      
      
      <TextLine id="eSc_line_d6378fb8" custom="structure {type:default;}">
        <Coords points="1447,699 1447,731 1468,742 1470,742 1472,742 1523,733 1523,694 1516,664 1442,664 1447,699"/>
        <Baseline points="1447,699 1523,694"/>
        <TextEquiv conf="0.9726807077725729">
          <Unicode>uoc</Unicode>
        </TextEquiv>
      </TextLine>

      
      
      <TextLine id="eSc_line_6f80bc94" custom="structure {type:default;}">
        <Coords points="538,834 538,853 579,873 582,873 584,876 655,876 655,873 658,873 660,873 660,871 678,853 678,850 775,850 821,850 823,853 839,867 839,869 842,869 844,869 846,869 924,855 991,867 994,867 996,867 998,867 1021,853 1030,846 1042,853 1065,862 1067,862 1069,862 1175,850 1274,841 1302,850 1320,857 1323,857 1325,857 1359,850 1392,844 1410,850 1428,857 1431,857 1433,857 1546,855 1548,855 1550,855 1550,853 1555,850 1571,837 1688,846 1691,846 1693,846 1721,832 1762,850 1764,850 1767,850 1769,850 1838,848 1838,809 1831,765 1785,772 1769,765 1734,747 1732,747 1730,747 1728,747 1725,747 1707,763 1695,775 1663,763 1652,761 1649,761 1647,761 1617,763 1571,770 1553,763 1495,742 1493,742 1491,742 1488,742 1486,742 1461,763 1454,768 1424,763 1355,754 1352,754 1350,754 1323,763 1279,779 1168,770 1166,770 1079,786 1035,770 1033,770 1030,770 1028,770 994,788 954,763 943,754 941,754 938,754 890,754 888,754 885,754 858,763 766,795 692,795 639,763 639,761 637,761 635,761 632,761 536,761 538,834"/>
        <Baseline points="538,834 1838,809"/>
        <TextEquiv conf="0.977840978924821">
          <Unicode>Eigneuro plaist uous oir gloreuse canchon</Unicode>
        </TextEquiv>
      </TextLine>

      
      
      <TextLine id="eSc_line_7da76160" custom="structure {type:default;}">
        <Coords points="572,901 572,933 662,919 697,933 699,933 701,933 704,933 706,933 708,933 722,922 807,931 814,931 816,931 819,931 821,931 821,929 835,917 1021,929 1040,929 1042,929 1049,929 1118,915 1178,926 1182,926 1184,926 1187,926 1189,926 1237,913 1419,924 1445,924 1447,924 1449,924 1451,924 1481,908 1497,919 1500,919 1502,919 1504,919 1592,908 1642,922 1649,922 1652,922 1654,922 1656,922 1661,919 1700,906 1778,915 1780,915 1836,903 1877,917 1882,878 1877,841 1725,837 1723,837 1682,844 1608,860 1461,862 1366,862 1355,850 1346,844 1346,841 1343,841 1341,841 1339,841 1272,853 1233,857 1198,853 1127,844 1125,844 1122,844 1120,844 1120,846 1109,855 1099,864 1005,857 945,853 943,853 941,853 929,857 920,862 911,860 881,848 878,848 876,848 874,848 851,860 842,867 837,860 826,850 826,848 823,848 821,848 789,848 786,848 784,848 752,862 734,869 570,867 572,901"/>
        <Baseline points="572,901 1442,896 1882,878"/>
        <TextEquiv conf="0.9955634713172913">
          <Unicode>e croy que deomeilleur dire ne poroit on</Unicode>
        </TextEquiv>
      </TextLine>

      
      
      <TextLine id="eSc_line_dfe75cb6" custom="structure {type:default;}">
        <Coords points="1596,892 1594,892 1592,892 1589,892 1557,903 1539,910 1516,903 1484,894 1484,896 1465,896 1454,906 1445,913 1359,908 1226,899 1224,899 1221,899 1180,910 1157,917 1134,910 1099,901 1097,901 1095,901 1092,901 1090,901 1074,913 1065,917 1012,913 936,908 934,908 899,915 872,922 862,917 849,906 846,906 844,906 842,906 839,906 816,917 807,922 747,919 750,956 750,982 844,995 846,995 849,995 876,982 890,975 904,982 913,986 915,986 918,986 920,986 931,982 943,977 954,982 980,993 982,993 984,993 1042,982 1097,970 1182,979 1254,988 1256,988 1258,988 1260,988 1260,986 1267,979 1274,975 1293,979 1309,984 1311,984 1313,984 1316,984 1325,979 1357,963 1463,963 1495,979 1507,984 1509,984 1511,986 1576,986 1576,984 1617,977 1744,959 1817,959 1854,977 1859,979 1861,979 1863,979 2020,975 2020,936 2015,896 1810,890 1808,890 1806,890 1783,899 1771,906 1757,901 1751,896 1748,896 1746,896 1744,896 1741,896 1737,901 1728,910 1615,910 1608,903 1599,894 1599,892 1596,892"/>
        <Baseline points="750,956 2020,936"/>
        <TextEquiv conf="0.9667386209092489">
          <Unicode> sains et de saintes de droit et deraison</Unicode>
        </TextEquiv>
      </TextLine>

      
      
      <TextLine id="eSc_line_f5cde81e" custom="structure {type:default;}">
        <Coords points="377,1041 377,1078 439,1064 471,1076 473,1076 476,1076 478,1076 480,1076 510,1053 612,1074 621,1074 623,1074 625,1074 628,1074 651,1055 667,1069 669,1069 671,1069 674,1069 676,1069 713,1051 796,1064 798,1064 800,1064 803,1064 826,1046 904,1046 973,1046 991,1060 991,1062 994,1062 996,1062 998,1062 1000,1062 1060,1046 1134,1060 1141,1060 1143,1060 1145,1060 1148,1060 1184,1041 1240,1058 1244,1058 1247,1058 1249,1058 1265,1055 1339,1046 1350,1053 1355,1060 1357,1060 1359,1060 1362,1060 1417,1053 1463,1046 1497,1051 1555,1058 1557,1058 1790,1041 1790,1011 1785,979 1691,961 1688,961 1686,961 1684,961 1684,963 1668,979 1603,965 1601,965 1511,982 1421,965 1419,965 1417,965 1362,984 1290,968 1288,968 1161,988 1155,991 1083,991 1030,991 991,975 989,975 987,975 984,975 982,975 961,991 961,993 941,993 897,993 881,977 878,977 876,977 874,977 872,977 826,988 780,977 777,977 775,977 773,977 738,991 697,979 694,979 692,979 690,979 687,979 687,982 671,995 570,982 568,982 492,1000 485,1002 375,1002 377,1041"/>
        <Baseline points="377,1041 844,1023 1790,1011"/>
        <TextEquiv conf="0.9842581340244838">
          <Unicode>damours de pite et de grant traison</Unicode>
        </TextEquiv>
      </TextLine>

      
      
      <TextLine id="eSc_line_2c954c3d" custom="structure {type:default;}">
        <Coords points="255,1120 255,1150 377,1150 379,1150 381,1150 416,1129 446,1147 448,1147 450,1147 453,1147 559,1145 561,1145 563,1145 563,1143 602,1122 651,1138 653,1138 655,1138 658,1138 715,1115 849,1115 883,1129 885,1129 888,1129 890,1129 892,1129 911,1113 1017,1108 1074,1127 1076,1127 1079,1127 1081,1127 1141,1108 1171,1122 1173,1122 1175,1122 1178,1122 1217,1108 1300,1122 1309,1122 1311,1122 1313,1122 1316,1122 1352,1099 1486,1115 1488,1078 1484,1039 1258,1035 1256,1035 1254,1035 1228,1046 1226,1046 1180,1030 1178,1030 1175,1030 1072,1051 1067,1051 1065,1051 977,1037 975,1037 973,1037 906,1055 878,1044 876,1044 874,1044 872,1044 869,1044 853,1058 757,1044 754,1044 651,1058 480,1051 478,1051 253,1076 255,1120"/>
        <Baseline points="255,1120 750,1092 1488,1078"/>
        <TextEquiv conf="0.9747326672077179">
          <Unicode>que on fist a elame le dame de renon</Unicode>
        </TextEquiv>
      </TextLine>

      
      
      <TextLine id="eSc_line_80bae9d5" custom="structure {type:default;}">
        <Coords points="266,1186 266,1207 294,1221 296,1221 299,1221 393,1205 398,1205 402,1205 462,1216 464,1216 549,1200 595,1193 616,1200 644,1209 646,1209 648,1209 699,1198 724,1193 747,1198 793,1205 796,1205 798,1205 800,1205 800,1202 807,1196 816,1184 941,1182 957,1193 959,1196 961,1196 964,1196 966,1196 968,1196 975,1193 1003,1179 1090,1189 1127,1193 1129,1193 1132,1193 1148,1189 1196,1173 1514,1179 1516,1140 1511,1104 1394,1087 1392,1087 1148,1115 1127,1117 1122,1117 1079,1104 1076,1104 1074,1104 1072,1104 1069,1104 1046,1120 1044,1122 987,1122 980,1122 895,1108 892,1108 664,1113 529,1138 526,1138 469,1122 467,1122 464,1122 462,1122 460,1122 432,1143 264,1147 266,1186"/>
        <Baseline points="266,1186 766,1161 1516,1140"/>
        <TextEquiv conf="0.9935036331415177">
          <Unicode>qui porta en ses flans martin et brision</Unicode>
        </TextEquiv>
      </TextLine>

      
      
      <TextLine id="eSc_line_bf3ee67c" custom="structure {type:default;}">
        <Coords points="271,1262 273,1301 395,1301 395,1299 398,1299 400,1299 404,1294 430,1278 446,1288 448,1288 450,1288 453,1288 503,1269 609,1274 612,1274 614,1274 616,1274 616,1271 628,1262 690,1283 699,1285 701,1285 704,1285 706,1285 708,1285 708,1283 710,1281 727,1265 786,1253 821,1253 839,1269 839,1271 842,1271 844,1271 846,1271 954,1246 1033,1269 1037,1269 1040,1269 1042,1269 1044,1269 1049,1267 1115,1239 1180,1255 1182,1255 1184,1255 1187,1255 1212,1244 1231,1260 1233,1260 1235,1260 1237,1260 1341,1255 1343,1255 1346,1255 1373,1232 1421,1244 1424,1244 1426,1244 1428,1244 1431,1244 1431,1242 1449,1228 1580,1244 1583,1196 1578,1159 1247,1173 1201,1159 1198,1159 1196,1159 1194,1159 1148,1177 1143,1177 941,1177 938,1177 807,1193 805,1193 717,1182 715,1182 713,1182 710,1182 694,1196 614,1186 612,1186 609,1186 607,1186 584,1202 515,1191 513,1191 335,1200 333,1200 266,1219 271,1262"/>
        <Baseline points="271,1262 637,1237 1583,1196"/>
        <TextEquiv conf="0.9591566461783189">
          <Unicode>fil furent du fant roy que henyy ot non</Unicode>
        </TextEquiv>
      </TextLine>

      
      
      <TextLine id="eSc_line_48155027" custom="structure {type:default;}">
        <Coords points="278,1331 278,1370 317,1373 319,1373 322,1373 324,1373 331,1366 365,1343 404,1343 446,1343 467,1354 476,1363 478,1363 480,1363 483,1363 556,1359 559,1359 609,1343 655,1329 678,1338 708,1350 710,1350 713,1350 816,1345 819,1345 885,1320 897,1315 901,1317 915,1327 918,1327 920,1327 922,1327 924,1327 982,1311 982,1292 977,1232 920,1230 918,1230 915,1230 913,1230 906,1237 885,1253 789,1246 743,1244 740,1244 738,1244 736,1244 724,1251 708,1262 683,1255 648,1246 646,1246 644,1246 641,1246 582,1260 497,1253 494,1253 492,1253 490,1253 464,1274 462,1276 457,1274 434,1262 432,1262 430,1262 427,1262 398,1278 391,1283 273,1288 278,1331"/>
        <Baseline points="278,1331 982,1292"/>
        <TextEquiv conf="0.9517894685268402">
          <Unicode>que dengleterte tunit le</Unicode>
        </TextEquiv>
      </TextLine>

      
    </TextRegion>
    
    <TextRegion id="eSc_textblock_fe771abc"  custom="structure {type:text;}">
      <Coords points="623,1536 2057,1563 2073,1644 1974,1711 1928,1810 1617,1828 1440,1883 1477,1975 1523,1996 1477,2021 1624,2088 1635,2244 2047,2272 2073,2362 2029,2398 1728,2417 1541,2472 671,2481 469,2417 404,2235 294,2150 294,1573 331,1545 623,1536"/>
      
      
      <TextLine id="eSc_line_6e99598c" custom="structure {type:default;}">
        <Coords points="2040,1566 2022,1561 2015,1561 1992,1561 1969,1561 1946,1561 1923,1559 1900,1559 1877,1559 1854,1559 1831,1559 1808,1557 1785,1557 1762,1557 1739,1557 1127,1580 1090,1561 1088,1561 1086,1561 1021,1566 1019,1566 1017,1566 996,1582 736,1575 734,1575 612,1586 561,1568 559,1568 556,1568 554,1568 501,1589 361,1577 358,1577 356,1577 312,1591 315,1635 315,1672 508,1651 710,1665 775,1667 777,1667 814,1662 860,1653 872,1660 878,1667 881,1667 883,1667 885,1667 934,1658 1000,1646 1035,1655 1063,1665 1065,1665 1067,1665 1069,1665 1072,1665 1083,1655 1092,1651 1145,1653 1272,1662 1274,1662 1277,1662 1300,1651 1316,1642 1352,1649 1385,1655 1387,1655 1389,1655 1410,1649 1421,1644 1477,1646 1665,1658 1668,1658 1670,1658 1707,1642 1718,1637 1739,1642 1820,1655 1822,1655 1824,1655 1872,1637 1882,1635 1974,1635 1976,1635 1992,1649 1994,1649 1997,1649 1999,1649 2001,1649 2061,1632 2061,1614 2059,1605 2040,1566"/>
        <Baseline points="315,1635 2061,1614"/>
        <TextEquiv conf="0.9743165683512595">
          <Unicode>ris. En uers sur plusieuis Su deli. ol sulie aulies</Unicode>
        </TextEquiv>
      </TextLine>

      
      
      <TextLine id="eSc_line_9c78d10c" custom="structure {type:default;}">
        <Coords points="526,1690 526,1708 692,1727 694,1727 697,1727 738,1708 740,1706 814,1706 835,1708 927,1722 929,1724 1035,1724 1035,1722 1037,1722 1040,1722 1063,1706 1069,1701 1125,1701 1148,1706 1187,1718 1189,1718 1191,1718 1194,1718 1237,1706 1240,1706 1251,1718 1254,1718 1256,1718 1258,1718 1357,1713 1359,1713 1362,1713 1371,1706 1385,1697 1398,1706 1412,1715 1415,1715 1417,1715 1419,1715 1421,1715 1451,1706 1465,1701 1546,1704 1550,1676 1546,1639 1334,1630 1332,1630 1281,1639 1256,1644 1244,1639 1221,1630 1219,1630 1217,1630 1214,1630 1212,1630 1212,1632 1210,1632 1205,1639 1198,1646 1178,1639 1152,1632 1150,1632 1148,1632 1145,1632 1143,1632 1134,1639 1125,1646 1111,1639 1092,1632 1090,1632 1088,1632 1086,1632 1083,1632 1072,1639 1060,1646 1005,1642 964,1637 961,1637 959,1637 945,1642 918,1649 890,1642 867,1635 865,1635 862,1635 860,1635 858,1635 849,1642 832,1653 731,1653 708,1642 697,1637 694,1637 692,1637 690,1637 674,1642 637,1653 524,1644 526,1690"/>
        <Baseline points="526,1690 1550,1676"/>
        <TextEquiv conf="0.9128596649087709">
          <Unicode>torcliaul les Ri Angle tterie</Unicode>
        </TextEquiv>
      </TextLine>

      
      
      <TextLine id="eSc_line_8a81aeb5" custom="structure {type:default;}">
        <Coords points="1122,1683 1120,1683 1118,1683 1090,1708 1086,1713 918,1713 911,1708 874,1695 872,1695 869,1695 814,1706 766,1692 763,1692 761,1692 759,1692 757,1692 736,1708 731,1713 639,1713 632,1708 616,1695 614,1695 612,1695 575,1695 572,1695 570,1695 526,1708 517,1713 508,1708 464,1688 462,1688 460,1688 457,1688 411,1711 404,1713 398,1711 370,1697 368,1697 365,1697 308,1708 310,1752 310,1775 536,1787 538,1787 630,1777 658,1775 669,1777 701,1787 704,1787 706,1787 708,1787 731,1777 738,1773 934,1773 1021,1777 1115,1784 1118,1784 1198,1780 1311,1770 1530,1780 1553,1780 1555,1780 1557,1780 1560,1780 1578,1768 1737,1780 1744,1780 1746,1780 1748,1780 1794,1768 1925,1780 1930,1743 1925,1708 1806,1681 1610,1681 1608,1681 1606,1681 1603,1681 1573,1704 1493,1683 1491,1683 1488,1683 1486,1683 1435,1708 1433,1711 1371,1711 1366,1708 1336,1692 1334,1692 1332,1692 1329,1692 1327,1692 1306,1708 1304,1711 1233,1711 1228,1708 1125,1683 1122,1683"/>
        <Baseline points="310,1752 1930,1743"/>
        <TextEquiv conf="0.9698806301407192">
          <Unicode>cu l on tiouue ⁊ eis la fin aa uie de s Allxio</Unicode>
        </TextEquiv>
      </TextLine>

      
      
      <TextLine id="eSc_line_d9d5c204" custom="structure {type:default;}">
        <Coords points="329,1835 331,1872 370,1853 395,1865 398,1865 400,1865 522,1853 545,1869 556,1879 559,1879 561,1879 563,1881 674,1881 674,1879 676,1879 697,1869 724,1853 849,1867 860,1867 862,1867 869,1867 934,1853 989,1865 1049,1879 1051,1879 1175,1862 1178,1833 1173,1796 874,1796 872,1793 846,1775 844,1775 842,1775 754,1775 752,1775 750,1775 713,1791 694,1777 692,1777 690,1777 687,1777 685,1777 653,1791 635,1780 632,1780 630,1780 628,1780 625,1780 623,1780 607,1791 605,1793 605,1791 582,1775 579,1775 577,1775 575,1775 572,1775 545,1789 522,1775 520,1775 517,1775 515,1775 513,1775 476,1787 365,1775 363,1775 361,1775 326,1787 329,1835"/>
        <Baseline points="329,1835 1178,1833"/>
        <TextEquiv conf="0.9908042005870653">
          <Unicode>A le he pas dela uierge</Unicode>
        </TextEquiv>
      </TextLine>

      
      
      <TextLine id="eSc_line_7ff07e9d" custom="structure {type:default;}">
        <Coords points="407,2005 407,2033 653,2049 655,2049 658,2049 660,2049 694,2026 699,2023 809,2019 819,2023 858,2044 860,2044 862,2046 920,2046 920,2044 922,2044 924,2044 952,2019 957,2017 1063,2017 1065,2017 1074,2026 1074,2028 1076,2028 1079,2028 1081,2028 1083,2028 1086,2028 1097,2019 1097,1994 1090,1945 1026,1952 1012,1948 957,1920 954,1920 952,1920 950,1920 895,1950 888,1954 881,1950 832,1925 830,1925 828,1925 826,1925 791,1943 773,1927 773,1925 770,1925 768,1925 678,1925 676,1925 674,1925 591,1959 584,1964 404,1964 407,2005"/>
        <Baseline points="407,2005 1097,1994"/>
        <TextEquiv conf="0.9845477491617203">
          <Unicode>compode a del an</Unicode>
        </TextEquiv>
      </TextLine>

      
      
      <TextLine id="eSc_line_9ce5b46d" custom="structure {type:default;}">
        <Coords points="308,2120 308,2168 345,2155 473,2166 476,2166 667,2157 697,2168 708,2173 710,2173 1000,2175 1003,2175 1005,2175 1021,2168 1044,2162 1178,2162 1212,2168 1244,2178 1247,2178 1249,2178 1251,2178 1274,2168 1290,2164 1306,2168 1332,2178 1334,2178 1336,2178 1431,2168 1433,2132 1426,2079 1217,2088 1201,2079 1157,2046 1155,2046 1152,2046 1046,2046 1044,2046 1042,2046 980,2079 966,2086 878,2086 869,2079 805,2044 803,2044 630,2042 628,2042 625,2042 623,2042 589,2063 563,2049 561,2049 559,2049 556,2049 554,2049 508,2081 480,2070 478,2070 476,2070 473,2070 427,2081 425,2081 423,2081 381,2060 379,2060 338,2060 335,2060 333,2060 331,2060 308,2074 308,2120"/>
        <Baseline points="308,2120 837,2136 1433,2132"/>
        <TextEquiv conf="0.9278100047792707">
          <Unicode>ot scul le x toui de cllars </Unicode>
        </TextEquiv>
      </TextLine>

      
      
      <TextLine id="eSc_line_09ef2c28" custom="structure {type:default;}">
        <Coords points="540,2224 538,2272 729,2274 731,2274 734,2274 759,2267 826,2249 892,2263 934,2272 936,2272 982,2260 1023,2251 1040,2260 1072,2277 1074,2277 1076,2277 1079,2277 1129,2258 1148,2251 1323,2251 1327,2228 1325,2162 1187,2162 1184,2162 1182,2162 1180,2162 1175,2164 1136,2189 1042,2189 1019,2173 1017,2173 1014,2173 1012,2173 1010,2173 982,2185 957,2171 936,2159 934,2159 931,2159 929,2159 881,2173 844,2185 812,2175 757,2159 754,2159 752,2159 750,2159 747,2159 724,2178 715,2185 687,2180 646,2171 644,2171 641,2171 621,2180 612,2185 540,2185 540,2224"/>
        <Baseline points="540,2224 1327,2228"/>
        <TextEquiv conf="0.9794012308120728">
          <Unicode>par Dennette hieberd.</Unicode>
        </TextEquiv>
      </TextLine>

      
      
      <TextLine id="eSc_line_e6caab37" custom="structure {type:default;}">
        <Coords points="2022,2270 1999,2267 1976,2267 1960,2265 1705,2260 1702,2260 1700,2260 1691,2265 1633,2295 1585,2265 1585,2263 1583,2263 1580,2263 1578,2263 1576,2263 1573,2263 1573,2265 1532,2288 1502,2272 1500,2272 1497,2272 1495,2272 1449,2295 1401,2281 1398,2281 1396,2281 1394,2281 1392,2281 1373,2295 1343,2272 1341,2272 1339,2272 1336,2272 1334,2272 1260,2293 1168,2270 1166,2270 1164,2270 1040,2288 837,2286 734,2260 710,2256 708,2256 595,2258 595,2320 595,2366 658,2346 745,2362 747,2362 812,2348 982,2371 984,2371 987,2371 989,2371 1007,2359 1058,2378 1063,2378 1065,2378 1067,2378 1095,2378 1251,2371 1272,2382 1274,2382 1277,2382 1279,2382 1281,2382 1283,2382 1316,2359 1369,2359 1382,2371 1385,2371 1387,2371 1389,2371 1670,2366 1755,2392 1757,2392 1760,2392 1762,2392 1764,2392 1767,2392 1806,2380 1840,2394 1843,2394 1845,2394 1847,2394 1849,2394 1852,2394 1875,2382 1889,2394 1891,2394 1893,2394 2029,2396 2034,2355 2034,2270 2022,2270"/>
        <Baseline points="595,2320 1564,2336 2034,2355"/>
        <TextEquiv conf="0.9566858548384446">
          <Unicode>I la demiere page aunal ba uie sltlepis</Unicode>
        </TextEquiv>
      </TextLine>

      
      
      <TextLine id="eSc_line_557fd069" custom="structure {type:default;}">
        <Coords points="662,2412 660,2447 858,2447 865,2449 890,2465 892,2465 895,2465 897,2465 945,2458 964,2472 966,2472 968,2472 971,2472 1040,2458 1072,2472 1074,2472 1076,2474 1180,2474 1180,2472 1182,2472 1184,2472 1210,2454 1219,2449 1254,2449 1258,2454 1274,2470 1274,2472 1277,2472 1279,2472 1281,2472 1283,2472 1311,2456 1329,2472 1329,2474 1332,2474 1334,2474 1336,2474 1601,2458 1603,2421 1599,2387 1428,2387 1426,2382 1405,2364 1405,2362 1403,2362 1401,2362 1398,2362 1396,2362 1359,2380 1352,2385 1334,2380 1251,2359 1249,2359 1247,2359 1178,2371 1138,2359 1136,2359 1134,2359 1132,2359 1129,2359 1109,2375 1097,2385 1058,2385 1051,2375 1035,2362 1035,2359 1033,2359 1030,2359 1028,2359 1026,2359 971,2373 936,2382 924,2373 920,2369 918,2369 915,2369 913,2369 911,2369 908,2369 904,2373 892,2380 777,2375 770,2369 752,2357 750,2357 747,2357 745,2357 662,2366 662,2412"/>
        <Baseline points="662,2412 1058,2426 1603,2421"/>
        <TextEquiv conf="0.9856409907341004">
          <Unicode>At tout ala gin du liyre.</Unicode>
        </TextEquiv>
      </TextLine>

      
    </TextRegion>
    
    <TextRegion id="eSc_textblock_883243b6"  custom="structure {type:text;}">
      <Coords points="1010,2925 1155,2934 1173,3024 994,3042 966,2971 1010,2925"/>
      
      
      <TextLine id="eSc_line_8085ff8a" custom="structure {type:default;}">
        <Coords points="1023,3010 1023,3042 1145,3049 1148,3010 1148,2941 1023,2934 1023,3010"/>
        <Baseline points="1023,3010 1148,3010"/>
        <TextEquiv conf="0.999773383140564">
          <Unicode>22</Unicode>
        </TextEquiv>
      </TextLine>

      
    </TextRegion>
    
    <TextRegion id="eSc_textblock_883d6f87"  custom="structure {type:text;}">
      <Coords points="1787,3017 1928,3054 1937,3199 1746,3199 1787,3017"/>
      
    </TextRegion>
    
    <TextRegion id="eSc_textblock_ec69b403"  custom="structure {type:text;}">
      <Coords points="2011,809 2029,809 2029,816 2004,816 2011,809"/>
      
    </TextRegion>
    
    <TextRegion id="eSc_textblock_ab61acd4"  custom="structure {type:text;}">
      <Coords points="2057,2014 2073,2023 2082,2058 2050,2058 2057,2014"/>
      
    </TextRegion>
    

    
  </Page>
</PcGts>
