3104 4140
1346 673 2745 781 Et se meche marie me uoeullies saluer
1343 749 2639 841 Anthriames resppont che fait atreanter
1359 807 2867 919 Oug uaissel ot en haue la ou il uault entrer
1362 885 2738 970 y marõniers le uault ꝯduire par le mer
1341 936 2837 1046 Et droit au port alondres Il le fist armer
1341 1018 1359 1094 5
1463 1007 2754 1108 st montes sur terre se cõmenche a errer
1332 1071 2595 1163 Eu le chite entia un mardi au distuer
1329 1140 2480 1244 Le conte de clochestre est ales saluer
1488 1212 2970 1320 ps ou palais alondre que est grans et massis
1458 1283 2791 1393 Entra ly mesagiers que bien estoit apris
1327 1354 2411 1449 Ie conte salua et trestotis ses amis
1325 1414 2556 1517 A dont fu ly uaissaux de tous les qiois
1396 1488 2864 1586 queus dist bitii uemes frans uaissaux postais
1302 1559 2906 1646 Pour dieuque fait le Royque tant est sergnouris
1352 1628 2857 1727 I ne fait se bien non dist chieup que ihũcrist
1449 1688 2747 1782 t droit a boulongur auenques ses marsis
1378 1752 2850 1837 uous mande salus ly riches Rois ⁊ heuris
1401 1819 2669 1915 se noble moullier e lame olecler uis
1288 1888 2820 2012 Que tant ayme ⁊ ly rois et en fais et endisz
1295 1957 2772 2074 Euul ne scet pas adue sil est mors ou uis
1304 2026 2560 2129 a ne cinde a tamps uenir en che pais
1293 2086 2728 2189 Quant ly coutes len fent sy su tous ꝓuahis
1304 2157 2685 2244 e sant quil ot ou piet ly est ou chief fuis
1293 2212 2703 2316 sutlriames dist ly queus ⁊ huesse que tu dilz
1279 2286 2634 2375 Ia est ly corps elame ars et en su brais
1279 2348 2618 2442 Iay fait me dame ardoir et aube n ses fis
1277 2408 2625 2507 Quant anchiances loit aqran naraige uis
1270 2451 3016 2582 Se dist queusde cloc sestee⟧ clochestre tu es tous risonl
1244 2534 2975 2658 par foy mieux de uauroit que ton corps̃ fust boulis
1254 2612 2827 2739 Quelaie eust qar toy ne le ꝙlet m lizdis
1525 2681 2620 2801 lepplus uelle qui soit en chr pais
1281 2750 1302 2863 2
1323 2773 3005 2881 et sest le meilleur s dame poe le corps ihũcast
1272 2858 2820 2946 Qui soit en tont le monde selont le unen ains
1334 2927 2630 3010 tid̃ment geroit estri dont sy hardis
1267 2976 2915 3088 uocorps que telle dame ulanche que fleur delis
