3104 4140
1442 669 1601 779 122
82 747 1412 878 Qui Reoient en dieu le sil sainte marit
89 804 1502 945 auent eux sen ala dont elle fu moult lie
144 873 1596 1007 ly cresben sen uout Par le mir Resõgnie
101 938 1260 1048 cõme sont uenu celle ehite anchu
112 995 1541 1113 terre uout moutant par dessus le praiie
105 1064 1226 1173 e Rome sen ua toute seule esmant
110 1106 1461 1230 ar dedeus rõme entre le chite agensie
98 1184 1339 1297 apostoies climons estoit eulane enme
126 1242 1405 1359 ant list alle Romie quelle fu bagntisie
101 1301 1180 1428 ad̃me demora et la sest herbegie
117 1354 1507 1490 Ie uruix ioiaux estoit la Rome Remeplle
105 1428 1389 1557 aot un siutour de grande signoune
117 1497 1277 1612 u estoit maries en le chite ꝑlu
115 1566 1309 1678 e dame qui lauoit a forucent couoitie
112 1612 1518 1741 Aaisanche qui estoit uelle ulanche entaillie
149 1695 1350 1816 Romne manda ains que fust acouchie
161 1750 1410 1876 le dame yala qui moult ert a uaubie
140 1819 1309 1931 same au sinatour ly dist a uoit sedie
117 1851 1486 1994 uine dont estes uous et dequelle petie
174 1927 1537 2051 ie dame Respout qui teurement larmmie
108 1987 1479 2106 dame ie suy estaut de d le gent paidune
257 2049 1359 2166 suy coy uenue qour estre uabtisie
124 2088 140 2164 ¶
117 2109 1520 2228 deur lamour de Ihũs ay me terre guerpie
112 2189 1286 2281 ame estoit dun Roy de terre de sure
112 2235 1537 2348 les uen parles noient pourdieu Ie uousenpm
119 2309 1297 2415 arpour seruir Ilsũ le sil sainte marit
110 2359 1334 2490 dui en cheste cqite uenui et adrechi
112 2424 1320 2541 e Iame osinatour lyadit doucheaune
108 2493 1288 2596 auent moy demores en me lerbegie
105 2550 1585 2649 amais ne uous fauray amuil purde ma uie
121 2622 1516 2720 ar uous estes ousy enchainte et Remplie
110 2704 1649 2783 aues moult grant mestier que uous aies aie
94 2757 1654 2840 euant u romne ut daucheuient len merchie
108 2817 1350 2898 a endroit demorale Rome ⁊ssaucqu
135 2870 1534 2978 y gentien sinatour dont Ie uousseifie
184 2932 1725 3042 anon Iozeras pour uray le uos uous a sie
