3104 4140
225 938 1205 1021 rop qlus que in propplie teãi saigr
239 998 1150 1076 ⁊ trop plus que prophete estoit
193 1044 1037 1131 Rar en propletisant monstroit
186 1099 892 1173 Euidã ment sa prophelie
213 1138 1113 1225 Sy que auene ycaix naresta mie
207 1198 1000 1269 sia monta au mout liement
202 1248 876 1317 lu uiie chiel prepemen
202 1301 849 1361 Qou ly augle Ratedoien
197 1338 851 1416 qui sa uenne de siroient
197 1389 826 1460 Du  uii ͤ cel est entrer
200 1421 980 1517 la donche uiergene courõnee
197 1478 952 1554 a ou sont dy angle enpene
236 1520 1065 1607 ni sont plain de qrant eclarte
213 1589 1076 1665 la uergene tous les sourmonta
195 1632 936 1724 Dont tes y ot quien parua
195 1688 842 1768 Se disoient et quesse la
202 1738 989 1828 Eui de che de sert de laius
202 1791 1079 1869 moute ainsy deuant noua lassus
230 1837 1065 1908 y aultre aloient respoirdant
239 1895 1030 1966 aron uour estes uien morant
236 1936 941 2007 ui ne ginssire l pucele
236 1982 1074 2044 ui tant est auenans et uelle
246 2026 276 2081 u
299 2026 1157 2095 que ly doulz a icimrux nasqu y
200 2065 954 2141 Eu morut au grait ueilre
195 2109 1104 2196 rie uous ales luent dementroit
213 2166 1076 2247 la aloient l̾ Roy roy querant
204 2212 1007 2302 Uous y fastes et nous aussy
202 2272 862 2348 Et qui est ceste fee e
232 2313 826 2398 ascis de nous yoffan
289 2359 1042 2451 uns or sy aultres enchens
230 2412 1092 2502 y ners miecre quitant estdensz
234 2463 1104 2550 dont respous rent chest uoire
358 2520 1272 2612 le mere audouleli roier des Rois
211 2532 844 2656 bre le recoussoms nous
227 2610 1212 2714 lest cely dont ly uienã uienttens
239 2668 899 2764 hest ly fontanne de Pate
197 2725 1297 2833 Phest ly Ruisse Reuissant de humilite
190 2796 1104 2895 Chest ly trisors de grasse plaiee
363 2861 1028 2932 ⁊ dy estoille qui auune
213 2914 1044 3001 les humains aport de salut
329 2978 1035 3061 celle qar qui se cournt
204 3022 957 3107 Qut este tout ly oar a dam
202 3070 1060 3144 Eul auoit nol acrant ahan
204 3127 1051 3233 Et que infer oten debtes
1463 791 1564 901 120
