3104 4140
1302 662 2480 765 Uue corbille plaine ie uoytrop cle rement
1293 726 2556 814 Pr le me deliures sil uous uint actalent
1283 788 2807 873 Encor ya des pourrs qui leur part uoat aoient
1290 839 2807 931 Et dist ly uus des kens que menge roiet nogent
1286 885 2731 979 Dont ly hons arche nesques ara chy large ment
1302 936 2811 1058 Pregueur clie dist martin laissies uo parlemrent
1304 995 2544 1104 hlĩs le pouriura qui ne fault ne ne ment
1313 1048 2659 1166 liiil uout ale corbelle ⁊ mortin tost le preut
1267 1106 2473 1209 Mar ses ualles le fait aporter liement
1394 1166 2646 1267 Raly bers martuis trouue bren amengiez
1293 1219 2579 1315 Eucore yauoit poures alius desen celier
1318 1271 2457 1359 demis est a elame quil perchoit sarimer
1272 1327 2666 1409 En sen caron ly ua se pournanche arengier
1408 1389 2618 1451 ly en donna tant et deuant et deuer
1254 1430 2556 1513 Capamnes pot aler li dame ocorps legier
1300 1490 2540 1575 n pot de uin ly fist au urat cope lauchier
1256 1543 2537 1628 Aluitre main leu dõne pres de deuiy setier
1254 1600 2418 1676 Et ly aditanne peuses du repainr
1352 1660 2719 1736 puis le uostre hostel me fattrs enseignier
1226 1706 2551 1805 aus uenir chy endeoit uous ferayenuoirr
1272 1766 2616 1851 Do . uinre sascun Iour sans uous en traullier
1302 1826 2399 1908 e Rome le prent de cuer a merchier
1329 1874 2478 1961 le ne cuidoit pas qui fust de cuer entier
1288 1925 2678 2012 ue martinis de mandast la ou cldoit Reparier
1279 1975 2563 2065 suis aau doit quil enst cuer de by cõueitier
1295 2035 2549 2120 Et pour sen bel uiare uosist a ly couchier
1277 2099 2685 2189 Pers re maramiet sen ua dieu prent amerchur
1279 2145 2462 2231 Et dist uiau sire dier qui tout aa iugier
1242 2196 2774 2306 Ouques mais ne trouuay plus courtois aumosier
1249 2265 2625 2350 Eusement quelle aloit pour trouier un celier
1281 2320 2429 2417 uaucume maison ouse peiust muchier
1251 2369 2450 2477 Il encontre sotisse qui le print a huchier
1254 2433 2648 2550 ⁊lame aui ales uous pour dieu le droitura ⁊
1233 2507 2567 2615 Piour duy ne finande uostre corps luqucer
1251 2564 2590 2679 Hems ent belle aune auent moy herbegier
1254 2626 2491 2727 Et Ie uous prestelay un lit et uni solier
1267 2674 2616 2783 amais ne me uoray enuers uous courechier
1316 2734 2643 2842 e Ie uoulay ⁊ mefait le monte dun demer
1283 2789 2434 2891 amender le uoray tout auo desirur gare
1233 2842 2745 2953 Qune che dist ulaine Sieux uomi onheuencõ bru⁊
1240 2907 2685 2992 t iele uous pardoint de uon cuer et entur
1224 2957 2747 3063 Par foy che dist io tissi ie uous uoray aidier
