<?xml version="1.0" encoding="UTF-8"  standalone="yes"?>
<PcGts xmlns="http://schema.primaresearch.org/PAGE/gts/pagecontent/2019-07-15" xmlns:xsi="http://www.w3.org/2001/XMLSchema-instance" xsi:schemaLocation="http://schema.primaresearch.org/PAGE/gts/pagecontent/2019-07-15 http://schema.primaresearch.org/PAGE/gts/pagecontent/2019-07-15/pagecontent.xsd">
  <Metadata>
	<Creator>escriptorium</Creator>
	<Created>2025-10-15T20:24:34.480649+00:00</Created>
        <LastChange>2025-10-15T20:24:34.480671+00:00</LastChange>

  </Metadata>
  <Page imageFilename="620416201_MS0742_0766_0213A.jpg" imageWidth="3104" imageHeight="4140">

    
    <TextRegion id="eSc_textblock_97bd9edd"  custom="structure {type:text;}">
      <Coords points="213,883 1375,910 1357,1009 1267,1037 1164,1140 1164,1313 1090,1361 1072,1478 1010,1534 1074,1655 1164,1674 1182,1846 1265,1876 1237,1895 1265,1984 1219,1996 1210,2178 1385,2254 1366,2306 1219,2346 1210,2665 1394,2677 1431,2794 1357,2824 1375,2849 1293,2980 1302,3061 1129,3098 1081,3190 239,3180 248,2870 230,2806 174,2794 230,2251 193,1202 213,883"/>
      
      
      <TextLine id="eSc_line_5143fdfa" custom="structure {type:default;}">
        <Coords points="1352,908 1329,908 1306,908 1283,908 1260,906 1237,906 1214,906 1191,906 1168,903 1145,903 1122,903 1099,903 1076,901 1053,901 1030,901 1007,901 984,901 961,899 950,899 938,899 915,899 892,899 869,896 846,896 823,896 800,896 777,894 754,894 731,894 708,894 687,892 662,901 646,892 639,892 616,892 598,906 533,906 446,892 418,887 416,887 414,887 411,887 411,890 409,892 391,910 354,910 324,892 324,890 322,890 319,890 317,890 248,890 250,945 250,959 379,959 384,959 439,975 441,975 444,975 563,959 582,956 598,959 720,972 722,972 724,972 784,956 786,956 791,956 835,970 837,970 839,970 842,970 869,956 883,949 918,956 987,968 989,968 991,968 1037,954 1056,949 1074,954 1109,965 1111,965 1113,965 1357,952 1359,929 1355,908 1352,908"/>
        <Baseline points="250,945 1359,929"/>
        <TextEquiv conf="0.9505419190973043">
          <Unicode>Des chieux ou seray lez mon pare</Unicode>
        </TextEquiv>
      </TextLine>

      
      
      <TextLine id="eSc_line_4352c7a6" custom="structure {type:default;}">
        <Coords points="559,942 547,942 531,954 402,954 384,945 375,945 375,986 377,1025 437,1009 533,1021 536,1021 621,1009 685,1021 720,1025 722,1025 777,1018 849,1009 994,1014 1283,1025 1286,1025 1288,1025 1339,1007 1339,986 1336,947 1118,952 1079,945 1053,940 1051,940 1023,945 977,952 915,942 885,940 883,940 862,942 816,952 798,942 793,940 791,940 789,940 745,942 612,952 570,940 559,942"/>
        <Baseline points="375,986 1339,986"/>
        <TextEquiv conf="0.9960499346256256">
          <Unicode>la uerray ma tres doulche mere</Unicode>
        </TextEquiv>
      </TextLine>

      
      
      <TextLine id="eSc_line_2d0c2adf" custom="structure {type:default;}">
        <Coords points="289,1025 287,1041 315,1051 322,1028 322,988 292,982 289,1025"/>
        <Baseline points="289,1025 322,1028"/>
        <TextEquiv conf="0.9999557733535767">
          <Unicode>I</Unicode>
        </TextEquiv>
      </TextLine>

      
      
      <TextLine id="eSc_line_7684a43f" custom="structure {type:default;}">
        <Coords points="338,1028 335,1046 457,1062 460,1064 552,1064 552,1062 554,1062 556,1062 556,1060 566,1051 568,1051 570,1051 607,1062 609,1062 612,1062 941,1058 943,1030 941,995 338,991 338,1028"/>
        <Baseline points="338,1028 943,1030"/>
        <TextEquiv conf="0.9683472545523393">
          <Unicode>la aront la copaime</Unicode>
        </TextEquiv>
      </TextLine>

      
      
      <TextLine id="eSc_line_48fe4780" custom="structure {type:default;}">
        <Coords points="860,1030 858,1030 855,1030 837,1044 819,1035 816,1035 814,1035 812,1035 809,1035 809,1037 798,1048 664,1051 467,1051 430,1030 427,1030 425,1030 423,1030 393,1046 347,1030 345,1030 342,1030 340,1030 294,1044 241,1030 241,1074 241,1101 421,1101 434,1113 434,1115 437,1115 439,1115 441,1115 552,1101 554,1101 559,1101 632,1115 635,1115 637,1115 683,1101 692,1099 697,1101 713,1113 715,1113 717,1113 720,1113 862,1101 906,1099 973,1099 977,1101 989,1113 991,1113 994,1113 996,1113 1210,1101 1210,1071 1198,1025 1173,1044 1106,1046 1083,1028 1081,1028 1079,1028 1076,1028 1074,1028 1046,1039 964,1028 961,1028 959,1028 957,1028 957,1030 936,1046 862,1030 860,1030"/>
        <Baseline points="241,1074 660,1083 1210,1071"/>
        <TextEquiv conf="0.9914531622614179">
          <Unicode>es chieux en parmana ble uie</Unicode>
        </TextEquiv>
      </TextLine>

      
      
      <TextLine id="eSc_line_e8e74100" custom="structure {type:default;}">
        <Coords points="358,1124 358,1156 526,1156 526,1154 529,1154 533,1154 575,1140 607,1152 609,1152 612,1152 614,1152 616,1152 616,1150 628,1140 667,1152 669,1152 671,1152 674,1152 685,1152 789,1140 809,1150 819,1154 821,1154 823,1154 954,1147 954,1124 952,1087 358,1087 358,1124"/>
        <Baseline points="358,1124 954,1124"/>
        <TextEquiv conf="0.9915353396664495">
          <Unicode>tost que Ie soray monte</Unicode>
        </TextEquiv>
      </TextLine>

      
      
      <TextLine id="eSc_line_3eb3eecd" custom="structure {type:default;}">
        <Coords points="796,1127 773,1127 750,1127 740,1127 674,1133 660,1127 658,1127 635,1127 612,1127 589,1127 568,1127 375,1138 315,1127 312,1127 310,1127 266,1140 269,1177 269,1200 747,1202 750,1202 752,1202 754,1202 798,1191 823,1202 830,1170 828,1133 805,1127 796,1127"/>
        <Baseline points="269,1177 830,1170"/>
        <TextEquiv conf="0.9672346740961075">
          <Unicode>assus auent le deite</Unicode>
        </TextEquiv>
      </TextLine>

      
      
      <TextLine id="eSc_line_737826b2" custom="structure {type:default;}">
        <Coords points="260,1228 260,1248 467,1258 469,1258 531,1244 536,1244 552,1258 554,1258 556,1258 559,1258 561,1258 621,1244 766,1255 768,1255 883,1251 885,1251 888,1251 888,1248 901,1237 904,1237 922,1251 924,1251 927,1251 929,1251 1104,1232 1104,1202 1097,1159 968,1177 895,1166 876,1163 874,1163 872,1163 865,1166 826,1186 257,1189 260,1228"/>
        <Baseline points="260,1228 805,1223 1104,1202"/>
        <TextEquiv conf="0.9929006033473544">
          <Unicode>uous ares mon pooir cha ius</Unicode>
        </TextEquiv>
      </TextLine>

      
      
      <TextLine id="eSc_line_f9823287" custom="structure {type:default;}">
        <Coords points="273,1274 273,1301 821,1299 823,1299 869,1285 872,1285 876,1285 1003,1294 1005,1294 1007,1294 1010,1294 1033,1281 1035,1278 1132,1276 1132,1251 1125,1214 727,1239 271,1237 273,1274"/>
        <Baseline points="273,1274 722,1278 1132,1251"/>
        <TextEquiv conf="0.9944463328078941">
          <Unicode>gueur serrer et au sourplus</Unicode>
        </TextEquiv>
      </TextLine>

      
      
      <TextLine id="eSc_line_cd1b707a" custom="structure {type:default;}">
        <Coords points="522,1278 520,1278 517,1278 317,1292 234,1283 236,1322 236,1361 338,1361 338,1359 340,1359 347,1357 370,1345 411,1354 418,1354 421,1354 423,1354 425,1354 444,1343 487,1352 510,1354 513,1354 515,1354 524,1350 545,1340 575,1347 593,1352 595,1352 598,1352 699,1343 763,1338 780,1340 816,1347 819,1347 876,1338 897,1334 908,1336 945,1345 947,1345 950,1345 1134,1327 1134,1299 1127,1265 536,1290 524,1281 524,1278 522,1278"/>
        <Baseline points="236,1322 745,1320 1134,1299"/>
        <TextEquiv conf="0.9931912975651878">
          <Unicode>Re quanque uous me pe queres</Unicode>
        </TextEquiv>
      </TextLine>

      
      
      <TextLine id="eSc_line_16269d32" custom="structure {type:default;}">
        <Coords points="287,1373 287,1389 1042,1386 1044,1359 1037,1317 285,1329 287,1373"/>
        <Baseline points="287,1373 1044,1359"/>
        <TextEquiv conf="0.9790645506646898">
          <Unicode>oies seit que uous laire õ</Unicode>
        </TextEquiv>
      </TextLine>

      
      
      <TextLine id="eSc_line_8ee64281" custom="structure {type:default;}">
        <Coords points="335,1426 338,1458 391,1444 430,1455 441,1458 444,1458 446,1458 492,1453 586,1442 635,1449 678,1453 681,1453 683,1453 704,1446 724,1437 752,1444 782,1451 784,1451 786,1451 789,1451 791,1451 805,1442 814,1437 832,1442 872,1449 874,1449 961,1435 961,1414 954,1377 333,1389 335,1426"/>
        <Baseline points="335,1426 961,1414"/>
        <TextEquiv conf="0.9471873186883473">
          <Unicode>scun son meracle sera</Unicode>
        </TextEquiv>
      </TextLine>

      
      
      <TextLine id="eSc_line_37af4df0" custom="structure {type:default;}">
        <Coords points="835,1419 812,1419 791,1419 736,1426 667,1432 658,1426 653,1421 651,1421 630,1421 605,1426 549,1437 469,1428 439,1426 437,1426 434,1426 432,1426 427,1428 409,1439 377,1430 377,1472 377,1501 1060,1474 1060,1446 1058,1421 1003,1405 1000,1405 998,1405 996,1405 941,1421 931,1423 904,1423 837,1416 835,1419"/>
        <Baseline points="377,1472 1060,1446"/>
        <TextEquiv conf="0.9804744539053544">
          <Unicode>tost que Ie me Requerra</Unicode>
        </TextEquiv>
      </TextLine>

      
      
      <TextLine id="eSc_line_73cb9794" custom="structure {type:default;}">
        <Coords points="287,1515 289,1545 338,1534 381,1543 395,1545 398,1545 568,1538 655,1534 662,1534 704,1543 706,1543 708,1543 734,1531 740,1529 768,1531 867,1540 869,1540 943,1524 943,1508 938,1472 540,1472 538,1472 531,1472 478,1483 285,1474 287,1515"/>
        <Baseline points="287,1515 943,1508"/>
        <TextEquiv conf="0.9887704501549403">
          <Unicode>ex mors feres Resussiter</Unicode>
        </TextEquiv>
      </TextLine>

      
      
      <TextLine id="eSc_line_61aacb2f" custom="structure {type:default;}">
        <Coords points="276,1566 276,1584 425,1598 427,1598 536,1596 538,1596 540,1596 540,1593 547,1586 554,1582 595,1582 605,1589 616,1598 618,1598 621,1598 623,1598 704,1589 761,1582 784,1589 805,1596 807,1596 809,1596 911,1589 913,1559 906,1515 273,1520 276,1566"/>
        <Baseline points="276,1566 913,1559"/>
        <TextEquiv conf="0.9750870853662491">
          <Unicode>es auolles reslummer</Unicode>
        </TextEquiv>
      </TextLine>

      
      
      <TextLine id="eSc_line_f889157e" custom="structure {type:default;}">
        <Coords points="423,1621 423,1642 616,1639 664,1651 667,1651 669,1651 743,1635 747,1635 752,1635 789,1646 791,1646 793,1646 796,1646 798,1646 812,1635 812,1632 920,1630 922,1612 918,1573 839,1566 837,1566 835,1566 798,1575 784,1580 782,1577 768,1566 766,1566 763,1566 761,1566 759,1566 736,1580 727,1584 630,1584 628,1582 614,1570 614,1568 612,1568 609,1568 559,1568 556,1568 554,1568 552,1568 552,1570 536,1586 531,1586 460,1575 457,1575 455,1575 421,1589 423,1621"/>
        <Baseline points="423,1621 922,1612"/>
        <TextEquiv conf="0.9991157265270457">
          <Unicode>aueulle qui uarra</Unicode>
        </TextEquiv>
      </TextLine>

      
      
      <TextLine id="eSc_line_9f28cfcb" custom="structure {type:default;}">
        <Coords points="844,1614 842,1614 809,1623 791,1628 754,1623 704,1616 701,1616 699,1616 697,1616 690,1623 678,1630 407,1632 280,1621 283,1660 283,1681 639,1701 641,1701 816,1699 819,1699 862,1681 872,1676 982,1678 984,1651 980,1626 846,1614 844,1614"/>
        <Baseline points="283,1660 637,1669 984,1651"/>
        <TextEquiv conf="0.955529066423575">
          <Unicode>Par le priere que Il ara</Unicode>
        </TextEquiv>
      </TextLine>

      
      
      <TextLine id="eSc_line_c2e95f66" custom="structure {type:default;}">
        <Coords points="1127,1665 1097,1676 1010,1665 975,1662 973,1662 971,1662 968,1662 961,1667 950,1674 906,1669 865,1665 862,1665 860,1665 858,1665 849,1672 835,1678 678,1676 543,1674 540,1674 480,1683 450,1685 427,1683 319,1672 317,1672 315,1672 312,1672 294,1681 296,1718 296,1743 1148,1729 1148,1706 1138,1667 1127,1665"/>
        <Baseline points="296,1718 1148,1706"/>
        <TextEquiv conf="0.9897133111953735">
          <Unicode>dier men pere aqui suy feuix</Unicode>
        </TextEquiv>
      </TextLine>

      
      
      <TextLine id="eSc_line_80bdf35e" custom="structure {type:default;}">
        <Coords points="283,1768 283,1789 467,1803 469,1803 1010,1791 1010,1764 1005,1727 729,1718 727,1718 724,1718 722,1718 706,1729 701,1731 280,1731 283,1768"/>
        <Baseline points="283,1768 1010,1764"/>
        <TextEquiv conf="0.9650906842687855">
          <Unicode>uant de apostles fu oie</Unicode>
        </TextEquiv>
      </TextLine>

      
      
      <TextLine id="eSc_line_e058db43" custom="structure {type:default;}">
        <Coords points="294,1826 294,1851 922,1835 922,1819 918,1784 812,1773 809,1773 807,1773 805,1773 796,1782 791,1787 780,1782 754,1773 752,1773 750,1773 747,1773 724,1782 706,1789 644,1782 625,1780 623,1780 600,1782 485,1791 453,1780 446,1777 444,1777 441,1777 292,1777 294,1826"/>
        <Baseline points="294,1826 922,1819"/>
        <TextEquiv conf="0.9645069295709784">
          <Unicode>ore loerent le cratonr</Unicode>
        </TextEquiv>
      </TextLine>

      
      
      <TextLine id="eSc_line_eaa62286" custom="structure {type:default;}">
        <Coords points="901,1821 890,1821 878,1828 644,1833 517,1826 515,1826 513,1826 476,1837 395,1826 398,1872 400,1904 446,1890 460,1902 462,1904 464,1904 467,1904 469,1904 471,1904 480,1902 515,1888 543,1897 554,1902 556,1902 559,1902 561,1902 572,1897 598,1883 609,1895 614,1897 614,1899 616,1899 618,1899 621,1899 720,1897 722,1897 724,1897 724,1895 731,1888 738,1883 789,1885 899,1892 901,1892 904,1892 938,1879 952,1874 961,1876 980,1883 982,1883 984,1883 987,1883 989,1883 989,1881 991,1881 994,1876 998,1869 1152,1867 1152,1846 1150,1810 918,1810 915,1810 913,1810 904,1812 901,1821"/>
        <Baseline points="398,1872 789,1867 991,1846 1152,1846"/>
        <TextEquiv conf="0.9683475869673269">
          <Unicode>oy des Rois nostre seignour</Unicode>
        </TextEquiv>
      </TextLine>

      
      
      <TextLine id="eSc_line_d8e7aa7e" custom="structure {type:default;}">
        <Coords points="777,1869 754,1869 731,1869 727,1869 720,1874 713,1883 432,1883 434,1922 434,1943 577,1943 609,1957 612,1957 614,1957 816,1948 819,1948 860,1931 908,1945 911,1945 913,1945 915,1945 982,1927 1134,1936 1136,1936 1138,1936 1178,1918 1178,1892 1175,1865 1134,1851 1132,1851 1129,1851 1053,1853 1051,1853 1026,1867 1021,1869 1005,1867 920,1858 918,1858 915,1858 869,1872 851,1876 814,1872 782,1867 777,1869"/>
        <Baseline points="434,1922 830,1920 1178,1892"/>
        <TextEquiv conf="0.9735453087708046">
          <Unicode>tant que i hũerist P dethoit</Unicode>
        </TextEquiv>
      </TextLine>

      
      
      <TextLine id="eSc_line_16e1e478" custom="structure {type:default;}">
        <Coords points="568,1973 568,1998 1196,1973 1196,1954 1189,1920 566,1931 568,1973"/>
        <Baseline points="568,1973 1196,1954"/>
        <TextEquiv conf="0.9691227048635482">
          <Unicode>bons amis ensingnoit</Unicode>
        </TextEquiv>
      </TextLine>

      
      
      <TextLine id="eSc_line_430bf148" custom="structure {type:default;}">
        <Coords points="246,2021 246,2037 345,2051 347,2053 566,2053 566,2051 568,2051 570,2051 579,2044 586,2040 609,2044 646,2051 648,2051 773,2046 964,2040 994,2051 996,2051 998,2051 1000,2051 1003,2051 1007,2051 1044,2040 1079,2051 1083,2014 1079,1973 996,1973 994,1973 991,1973 989,1973 989,1975 973,1989 950,1973 947,1973 945,1973 865,1973 862,1973 860,1973 853,1975 821,1989 791,1977 786,1975 784,1975 782,1975 780,1975 777,1975 777,1977 757,1991 559,1991 545,1980 536,1973 533,1973 531,1973 529,1973 526,1973 524,1973 515,1982 503,1989 485,1982 473,1977 471,1977 469,1977 437,1982 395,1989 381,1982 361,1973 358,1973 356,1973 354,1973 352,1973 338,1984 331,1989 243,1987 246,2021"/>
        <Baseline points="246,2021 826,2026 1083,2014"/>
        <TextEquiv conf="0.9502802532294701">
          <Unicode>Onquen au iour de la fensioñ</Unicode>
        </TextEquiv>
      </TextLine>

      
      
      <TextLine id="eSc_line_75261fd3" custom="structure {type:default;}">
        <Coords points="577,2026 572,2030 554,2044 473,2044 439,2030 430,2026 427,2026 425,2026 423,2026 409,2030 356,2044 338,2030 338,2028 335,2028 333,2028 331,2028 248,2028 250,2079 250,2102 1097,2102 1099,2067 1092,2030 625,2040 602,2030 593,2026 577,2026"/>
        <Baseline points="250,2079 1099,2067"/>
        <TextEquiv conf="0.958550968340465">
          <Unicode>Pixl uault en pprapre uision</Unicode>
        </TextEquiv>
      </TextLine>

      
      
      <TextLine id="eSc_line_13e364a7" custom="structure {type:default;}">
        <Coords points="260,2132 262,2166 310,2155 340,2164 345,2166 347,2166 349,2166 352,2166 354,2166 356,2164 368,2152 395,2162 398,2162 400,2162 402,2162 404,2162 425,2145 646,2145 655,2155 662,2159 662,2162 664,2162 667,2162 669,2164 727,2164 727,2162 1212,2136 1212,2111 1205,2072 740,2095 632,2088 531,2083 529,2083 526,2083 524,2083 510,2093 503,2097 483,2093 421,2081 418,2081 416,2081 377,2097 375,2097 331,2083 329,2083 326,2083 257,2099 260,2132"/>
        <Baseline points="260,2132 874,2132 1212,2111"/>
        <TextEquiv conf="0.9930566376255404">
          <Unicode>assus ens ou saint chiel monter</Unicode>
        </TextEquiv>
      </TextLine>

      
      
      <TextLine id="eSc_line_1bcd41e1" custom="structure {type:default;}">
        <Coords points="260,2180 257,2196 1035,2203 1040,2182 1035,2141 260,2145 260,2180"/>
        <Baseline points="260,2180 1040,2182"/>
        <TextEquiv conf="0.9632823994526496">
          <Unicode>la or ms ne le uait entrer</Unicode>
        </TextEquiv>
      </TextLine>

      
      
      <TextLine id="eSc_line_53486dcd" custom="structure {type:default;}">
        <Coords points="329,2231 329,2249 671,2263 674,2263 676,2263 731,2249 734,2249 752,2263 754,2263 757,2263 759,2265 821,2265 821,2263 823,2263 865,2249 938,2263 941,2263 1065,2247 1067,2224 1060,2185 326,2194 329,2231"/>
        <Baseline points="329,2231 830,2235 1067,2224"/>
        <TextEquiv conf="0.9683871200451484">
          <Unicode>be bien Raison et dreitire</Unicode>
        </TextEquiv>
      </TextLine>

      
      
      <TextLine id="eSc_line_682a08cf" custom="structure {type:default;}">
        <Coords points="1369,2249 1357,2244 310,2247 312,2277 312,2304 1375,2300 1375,2272 1373,2265 1369,2249"/>
        <Baseline points="312,2277 869,2283 1375,2272"/>
        <TextEquiv conf="0.9907902396387525">
          <Unicode>ne Steux que les sient prent et mure</Unicode>
        </TextEquiv>
      </TextLine>

      
      
      <TextLine id="eSc_line_17b16c9c" custom="structure {type:default;}">
        <Coords points="278,2325 276,2352 605,2352 607,2352 625,2364 628,2364 630,2364 632,2366 798,2366 798,2364 800,2364 828,2352 830,2352 862,2366 865,2366 867,2366 1122,2352 1125,2332 1118,2297 345,2297 278,2286 278,2325"/>
        <Baseline points="278,2325 706,2339 1125,2332"/>
        <TextEquiv conf="0.9700050018727779">
          <Unicode>deulle auoit son filz a uenc luy</Unicode>
        </TextEquiv>
      </TextLine>

      
      
      <TextLine id="eSc_line_aaf0abc5" custom="structure {type:default;}">
        <Coords points="701,2339 699,2339 697,2339 692,2341 658,2350 589,2339 572,2336 570,2336 556,2339 510,2346 473,2336 457,2332 455,2332 453,2332 285,2332 285,2371 283,2389 731,2419 734,2419 954,2410 957,2392 952,2346 734,2352 708,2341 704,2339 701,2339"/>
        <Baseline points="285,2371 957,2392"/>
        <TextEquiv conf="0.9877625237340513">
          <Unicode>auou poes quil descendy</Unicode>
        </TextEquiv>
      </TextLine>

      
      
      <TextLine id="eSc_line_bf566490" custom="structure {type:default;}">
        <Coords points="260,2421 257,2442 329,2456 331,2456 402,2447 407,2447 425,2463 425,2465 427,2465 430,2465 432,2465 434,2465 497,2449 510,2447 524,2449 559,2458 561,2458 563,2458 566,2458 589,2451 602,2447 607,2451 621,2463 621,2465 623,2465 625,2465 628,2467 941,2467 941,2465 966,2461 996,2454 1007,2461 1017,2467 1019,2467 1021,2467 1023,2467 1026,2467 1028,2467 1035,2463 1056,2449 1111,2463 1118,2428 1113,2392 717,2401 653,2389 651,2389 648,2389 612,2398 591,2385 589,2385 586,2385 584,2385 582,2385 552,2398 538,2385 538,2382 536,2382 533,2382 531,2382 526,2382 467,2396 453,2385 453,2382 450,2382 448,2382 446,2382 398,2392 260,2380 260,2421"/>
        <Baseline points="260,2421 655,2438 1118,2428"/>
        <TextEquiv conf="0.99796239672036">
          <Unicode>Des chieux sainte inearnation</Unicode>
        </TextEquiv>
      </TextLine>

      
      
      <TextLine id="eSc_line_2077f3e3" custom="structure {type:default;}">
        <Coords points="283,2472 283,2500 388,2500 398,2502 421,2516 423,2516 425,2516 427,2516 430,2516 444,2504 450,2500 487,2504 543,2511 545,2511 547,2511 561,2507 568,2502 572,2507 582,2516 584,2516 586,2516 589,2518 646,2518 646,2516 648,2516 664,2507 676,2500 690,2509 704,2518 706,2518 708,2518 710,2520 828,2520 828,2518 862,2511 920,2497 971,2513 980,2516 982,2516 984,2516 1003,2513 1074,2500 1088,2511 1088,2513 1090,2513 1092,2513 1203,2516 1208,2474 1201,2438 628,2449 545,2435 543,2435 540,2435 536,2435 439,2449 425,2438 425,2435 423,2435 421,2435 280,2435 283,2472"/>
        <Baseline points="283,2472 648,2488 1208,2474"/>
        <TextEquiv conf="0.9727489217635124">
          <Unicode>drinst ent le uiergene de Renon</Unicode>
        </TextEquiv>
      </TextLine>

      
      
      <TextLine id="eSc_line_432bbf17" custom="structure {type:default;}">
        <Coords points="287,2518 285,2539 508,2559 510,2559 625,2548 646,2562 648,2562 651,2562 798,2564 800,2564 865,2550 906,2564 908,2564 911,2564 913,2564 915,2564 927,2555 938,2564 938,2566 941,2566 943,2566 945,2566 1079,2550 1081,2532 1076,2493 287,2490 287,2518"/>
        <Baseline points="287,2518 667,2536 1081,2532"/>
        <TextEquiv conf="0.9883672204510919">
          <Unicode>iu porta en son propre corpã</Unicode>
        </TextEquiv>
      </TextLine>

      
      
      <TextLine id="eSc_line_cd65bc3d" custom="structure {type:default;}">
        <Coords points="1072,2534 1065,2534 1040,2548 710,2548 687,2536 681,2536 671,2536 646,2546 635,2536 635,2536 612,2534 595,2546 508,2546 464,2532 462,2532 289,2530 292,2569 292,2599 1178,2605 1182,2573 1178,2530 1079,2530 1076,2530 1074,2530 1072,2530 1072,2534"/>
        <Baseline points="292,2569 628,2582 1182,2573"/>
        <TextEquiv conf="0.998009326060613">
          <Unicode>heluy quy les ames traist hors</Unicode>
        </TextEquiv>
      </TextLine>

      
      
      <TextLine id="eSc_line_8baadd7c" custom="structure {type:default;}">
        <Coords points="280,2642 678,2642 681,2642 697,2654 699,2654 701,2654 704,2654 1097,2642 1099,2624 1097,2592 317,2592 285,2578 283,2619 280,2642"/>
        <Baseline points="283,2619 1099,2624"/>
        <TextEquiv conf="0.9785859563520977">
          <Unicode>dinfer cheus que adrins mĩs</Unicode>
        </TextEquiv>
      </TextLine>

      
      
      <TextLine id="eSc_line_194d631f" custom="structure {type:default;}">
        <Coords points="306,2688 329,2700 331,2700 333,2700 1168,2688 1171,2670 1166,2633 358,2638 310,2626 308,2668 306,2688"/>
        <Baseline points="308,2668 1171,2670"/>
        <TextEquiv conf="0.9920518624371496">
          <Unicode>olr le puine saire ou il mort</Unicode>
        </TextEquiv>
      </TextLine>

      
      
      <TextLine id="eSc_line_26a01082" custom="structure {type:default;}">
        <Coords points="1389,2684 361,2684 361,2720 361,2757 402,2743 450,2757 460,2760 462,2760 464,2760 536,2757 763,2743 777,2755 786,2762 789,2762 791,2762 793,2764 1010,2764 1010,2762 1012,2762 1014,2762 1014,2760 1023,2753 1030,2743 1049,2753 1074,2762 1076,2762 1079,2762 1127,2750 1155,2746 1295,2746 1309,2750 1343,2762 1346,2762 1348,2762 1350,2762 1392,2748 1394,2727 1394,2688 1389,2684"/>
        <Baseline points="361,2720 1394,2727"/>
        <TextEquiv conf="0.9757319327556726">
          <Unicode>onches gens ly doulz frius de uie</Unicode>
        </TextEquiv>
      </TextLine>

      
      
      <TextLine id="eSc_line_ab6dc380" custom="structure {type:default;}">
        <Coords points="361,2785 358,2812 1398,2815 1403,2783 1394,2734 1343,2750 1244,2734 1235,2734 1141,2734 1138,2734 1136,2734 1132,2737 1104,2753 786,2753 775,2741 775,2739 773,2739 770,2739 614,2732 612,2732 568,2741 533,2748 517,2741 508,2737 506,2737 503,2737 501,2737 483,2741 457,2748 444,2741 421,2732 418,2732 416,2732 361,2741 361,2785"/>
        <Baseline points="361,2785 1069,2792 1403,2783"/>
        <TextEquiv conf="0.9983962217966715">
          <Unicode>monta eschieux nen doubles une</Unicode>
        </TextEquiv>
      </TextLine>

      
      
      <TextLine id="eSc_line_fec1acab" custom="structure {type:default;}">
        <Coords points="370,2852 398,2863 400,2863 402,2863 543,2854 572,2865 575,2865 577,2865 807,2858 892,2870 895,2870 1065,2858 1067,2840 1065,2808 545,2789 543,2789 503,2792 393,2799 377,2787 372,2831 370,2852"/>
        <Baseline points="372,2831 1067,2840"/>
        <TextEquiv conf="0.9748294732787393">
          <Unicode>laissa sa more dolente</Unicode>
        </TextEquiv>
      </TextLine>

      
      
      <TextLine id="eSc_line_eb0ca06d" custom="structure {type:default;}">
        <Coords points="324,2879 324,2904 375,2921 377,2921 379,2921 469,2907 478,2907 648,2907 653,2909 669,2921 671,2921 674,2921 676,2923 915,2923 915,2921 918,2921 920,2921 931,2914 941,2907 952,2914 968,2921 971,2921 973,2923 1122,2923 1122,2921 1125,2921 1141,2916 1164,2907 1313,2916 1316,2884 1311,2854 322,2842 324,2879"/>
        <Baseline points="324,2879 699,2893 1316,2884"/>
        <TextEquiv conf="0.9934186160564422">
          <Unicode>in pour luy forment se demente</Unicode>
        </TextEquiv>
      </TextLine>

      
      
      <TextLine id="eSc_line_00161214" custom="structure {type:default;}">
        <Coords points="285,2944 285,2960 310,2973 312,2973 315,2976 409,2976 409,2973 411,2973 414,2973 414,2971 425,2962 582,2973 584,2973 648,2960 724,2971 727,2971 729,2971 752,2960 881,2971 883,2971 973,2957 1143,2969 1145,2969 1148,2969 1184,2953 1184,2937 1178,2904 283,2904 285,2944"/>
        <Baseline points="285,2944 1184,2937"/>
        <TextEquiv conf="0.9976396108495778">
          <Unicode>y saint apestese quy lamoient</Unicode>
        </TextEquiv>
      </TextLine>

      
      
      <TextLine id="eSc_line_d82f26f8" custom="structure {type:default;}">
        <Coords points="306,2996 306,3017 448,3031 450,3031 453,3031 476,3019 602,3029 605,3029 607,3029 658,3015 664,3012 669,3012 717,3026 720,3026 722,3026 803,3012 823,3026 826,3026 828,3026 830,3026 897,3024 899,3024 901,3024 915,3012 1021,3024 1023,3024 1026,3024 1067,3008 1069,3008 1072,3008 1092,3022 1095,3022 1097,3022 1099,3022 1203,3006 1205,2985 1201,2955 1120,2944 1118,2944 1019,2955 1014,2955 1012,2955 971,2944 968,2944 966,2944 964,2944 961,2944 947,2955 947,2957 911,2957 867,2957 846,2944 844,2944 842,2944 839,2944 837,2944 812,2957 809,2957 796,2957 664,2946 662,2946 660,2946 658,2946 658,2948 646,2957 644,2960 625,2957 522,2948 520,2948 303,2960 306,2996"/>
        <Baseline points="306,2996 1205,2985"/>
        <TextEquiv conf="0.9866367475739841">
          <Unicode>onchenieit le sesconsortoient</Unicode>
        </TextEquiv>
      </TextLine>

      
      
      <TextLine id="eSc_line_5d0f5178" custom="structure {type:default;}">
        <Coords points="296,3047 296,3081 828,3065 858,3070 901,3079 904,3079 906,3079 908,3079 920,3070 927,3065 938,3070 966,3079 968,3079 971,3081 1099,3081 1099,3079 1283,3061 1286,3029 1279,2999 1044,3010 929,3006 837,3001 835,3001 832,3001 830,3001 821,3008 812,3012 740,3008 632,3003 630,3003 568,3012 547,3015 513,3015 349,3006 347,3006 294,3017 296,3047"/>
        <Baseline points="296,3047 1058,3045 1286,3029"/>
        <TextEquiv conf="0.9865769224782144">
          <Unicode>i iour que dieux oiechuel monta</Unicode>
        </TextEquiv>
      </TextLine>

      
      
      <TextLine id="eSc_line_798633eb" custom="structure {type:default;}">
        <Coords points="289,3104 289,3123 888,3130 890,3130 943,3125 1069,3116 1086,3127 1095,3095 1090,3065 287,3063 289,3104"/>
        <Baseline points="289,3104 1095,3095"/>
        <TextEquiv conf="0.9903119032581648">
          <Unicode>a dence uierzene demoira</Unicode>
        </TextEquiv>
      </TextLine>

      
      
      <TextLine id="eSc_line_a808f58a" custom="structure {type:default;}">
        <Coords points="273,3164 273,3203 370,3215 372,3215 375,3215 400,3203 434,3185 513,3196 515,3196 517,3196 520,3196 533,3185 660,3185 681,3196 701,3208 704,3208 706,3208 759,3196 768,3194 773,3196 800,3208 803,3208 805,3210 913,3210 913,3208 915,3208 952,3192 987,3178 1072,3190 1074,3153 1067,3111 941,3118 922,3111 908,3104 906,3104 904,3104 901,3104 899,3104 899,3107 895,3111 883,3123 713,3123 701,3111 699,3111 699,3109 697,3109 694,3109 614,3109 612,3109 609,3109 607,3109 605,3111 582,3125 554,3111 552,3111 549,3111 547,3111 545,3111 540,3111 494,3123 386,3114 384,3114 381,3114 352,3127 271,3114 273,3164"/>
        <Baseline points="273,3164 1074,3153"/>
        <TextEquiv conf="0.9967661935549516">
          <Unicode>bristre dolente et esmarie</Unicode>
        </TextEquiv>
      </TextLine>

      
    </TextRegion>
    
    <TextRegion id="eSc_textblock_48af381c"  custom="structure {type:text;}">
      <Coords points="1281,1968 1302,1968 1302,1975 1277,1975 1281,1968"/>
      
    </TextRegion>
    
    <TextRegion id="eSc_textblock_2badfe08"  custom="structure {type:text;}">
      <Coords points="1539,837 1550,837 1550,844 1534,844 1539,837"/>
      
    </TextRegion>
    

    
  </Page>
</PcGts>
