3104 4140
1532 570 1606 678 43
262 662 1654 770 un pour en se cambre aander lion lenfant
266 736 1447 827 al yest uenus qui am ua ariestant
211 791 1277 885 e Rõme lasfist debeiz luy auaintenant
186 832 1431 940 ge lya dit lon entendes mon samblant
204 913 1560 1000 euous dy en conseil sue males lo Racusant
223 972 1799 1067 ne scay hõme ou monde que mon cgepsaunetaut
213 1032 1500 1124 on ie faiya ueoir uo grachieux sain blant
184 1097 1594 1170 e nay qoiel au auonde or ne argent luisant
200 1152 1532 1237 euous le demandes ne fiist a uo cõmant
184 1205 1610 1301 Et le mien corps oussy uous uos abandẽnue
167 1271 1573 1354 ore mais en auant hous arecieng aamant
179 1327 994 1405 out priust un amel dort
1159 1334 1647 1412 ly ua presentant
190 1377 1541 1472 ⁊t dist par chest amel que dor ua flambiant
190 1446 1440 1531 uous ux cuer et corps etanour otloiant
197 1506 1543 1584 t quant coufes lentent se le uaregardant
193 1552 1447 1637 et celle ly ieta un ris moult dedugant
197 1605 1447 1697 youl qui fu prendons et de uon ensiant
216 1662 1458 1754 y respondy en bas qui nen uaariestant
204 1718 1707 1812 dame par men sauneur uous ales trepequant
220 1775 1364 1874 nue̾z uostre mary le coute souffissant
193 1835 1532 1929 rui uoles faire aiunt dunn sy poure siuant
197 1892 1502 1987 a il ne piaise adieu le peretout poissant
197 1950 1744 2046 fue ie me uat uoisse a uous de che fait oblegant
195 2010 1543 2086 ie quan conte loyel mon corꝑs miffaiche tant
209 2058 1619 2141 a sõmes ly sien uallet et le sien despendant
308 2111 1470 2203 de uous est a luy sy loyalment suient
204 2159 1580 2258 doir son iy laisoit iorr selout mon essiant
207 2212 1578 2304 ederous nous garder en se nõneur gardant
209 2258 1548 2369 Ir ne males iamais de tel cose pãllant
209 2320 1560 2428 de tant quensdit uous et plus que deuant
533 2336 584 2385 a
207 2375 1612 2479 ar ia ne plaise adieir que ie uoise pensant
207 2440 1543 2525 faire ens en me uie pequiet issy tresgrant
220 2495 1419 2576 uant ue dame coy Ie l dist endiant
303 2557 1440 2628 uous nalen dist elle amoy obeissant
289 2589 1589 2688 uous pour cache ray un auon sy taesgrant
223 2658 1691 2753 de quoy uouset uoli freres se res audoy dolant
193 2720 1514 2815 Dame che dist nous uous feres uo cõmant
207 2783 1534 2872 Res Eu uus obeys en pous de mon uiuant
179 2835 1449 2918 gout .x uoie pou Ade Ihũs uesamslcuit
193 2879 1718 2983 Et.uous reut ꝑ chel amel autruy lales donant
181 2939 1721 3070 Pas ae naray g uostre qarche tour un seul gant
