3104 4140
117 662 1599 765 Rlas cestoit no mere que yo mois nous porta
121 722 1240 814 leres uous dittes lion pesppondu a
105 775 1576 857 Or ie nous coument quoruestant con le trouuera
248 827 1566 915 uray pesppondy bral que forment larima
110 878 1445 982 Euant lyhermites ot que Rarta leur faura
128 933 1233 1028 uut au marõnier uist mer lapella
117 982 1445 1071 sere pour dieu uous pry que le monde crea
119 1030 1442 1122 due ches deux enfans cqy ou cant de maultra
128 1081 1332 1186 deullief outre le mer prner oles de la
133 1131 1244 1246 a ou sascuns se uie ex bien dogrinera
142 1163 1497 1306 Daũ ni sou bapissiet moult auoiet menda
121 1225 1488 1357 et dist le marõmers ⁊ mes sorps les meura
117 1276 1557 1416 En til lieu ou cascuns bab bapteure Recheuera
135 1345 1451 1462 et lermnite Respont bii ait qui uouls porta
156 1393 1410 1515 dont ismellement les deups enfans baisa
133 1453 1316 1561 et par grant aonste plente les acola
156 1504 1507 1619 lui pleurent teurement fasilm uaisier le ua
135 1561 1394 1658 ⁊ . part prennuers adieu se cõmaida
140 1605 1357 1736 Et bras ly deyõnaires apries luy senala
154 1662 1461 1789 y marõnierit les guie au uaissel les mena
664 1724 1392 1810 dent d plourir necessa
161 1770 499 1860 phermites
669 1773 1495 1851 en mer ur fois se masma
144 1839 437 1922 Euant l
131 1826 1757 1950 duqes mais ons uiuaies sy grant doeul ne mena
133 1941 308 2005 ⁊ õmi
471 1883 1707 1996 dyy sainl housquait ly uaissaux singla
131 1948 1373 2056 pras pleme teurement et lions ly crols
133 2035 448 2113 Adieu sire
563 1984 1228 2074 tal Ie reuerray decla
138 2026 1534 2141 Tuant iou aray troune chely qui mengeura
135 2090 1578 2194 et le mere eusement qui ix mois merporta
140 2134 1343 2258 encore uous ueray se dieie destine la
142 2189 1638 2309 pris que tant fu porendous auent lyeuporta
151 2247 1491 2364 les põmes ues Rachrues a quoy Il unuera
121 2311 1541 2424 Iles ains leber lion de aiens ne se querqua
128 2382 1486 2479 Oma rõmer demande quel iõse il mengera
142 2440 1389 2525 Euꝰ uous marẽmeri adent ly apo rta
151 2490 1479 2587 un ca pon et le saussez ⁊ dil uin ly bailla
156 2555 1408 2651 hpous prinst de capon ⁊ le sausse auala
151 2617 1484 2697 Il abeu du uin onques maie nen gousta
142 2665 1553 2762 uant lot assauoure sy tres boussy sambla
167 2730 1560 2815 e chies et le seruelle tretour Ry escauffa
131 2783 1592 2865 daute marie dame dist nous quesse cha
138 2833 1564 2914 Or soit ly porps̾ destruis que iamais stuiera
133 2879 1548 2955 aulgre cosse que uin cant quauoir en pora
131 2925 1617 3038 Et nõme soit mus coipi se ie lesparguiia
