3104 4140
186 995 1923 1097 Peuant chil de uruges uirent que chpl lost fu apristee
253 1055 1555 1133 armes sont courut sans point d larester
170 1106 1656 1202 pour desfenzre le uille sest le gent apristee
186 1168 1557 1242 painte trourpe darain y I gel pour sounee
223 1216 1594 1308 ⁊ par dehors le uille se grande le crue
211 1276 1389 1350 assault ont cõmencliet acelle matmee
204 1329 1481 1414 Rui la ueist martin qui ot le teste armee
213 1386 1530 1469 et brisses et martins qui ot le chiere yree
197 1442 1320 1520 y arbalestre uout traiant ale uoler
209 1494 1714 1591 ⁊ chil kes rrestiaux uont Ietant de Raudoume
179 1566 1716 1644 Naint caillil coutrec ual mainte pieree quaree
188 1619 1622 1699 Eet ly quens maradiis gmoult halult aleuee
188 1676 1550 1764 ldit asre uarons franche gent hõnouree
149 1734 1665 1823 Penses de uien dessendre celle uille frimmee
190 1796 1658 1881 et Ie uous en puiray mout bien a le uestoree
280 1851 1665 1945 egneur ecuron uruges fu cruenx ly assanx
347 1906 1856 2014 restienne gent Remplisent de marien et de uaꝰ
188 1973 1661 2074 es fossee de muron et darbres gros et haulx
170 2051 1323 2127 Et ly saraim qui furent as crestiaux
181 2095 1580 2191 rooient a no gent sautter et quarianx
301 2127 2001 2240 etoient a porche et pierres et caillanes tQ p̾mier ẽtere
1633 2189 2004 2293 dedes̃ les mure
227 2226 1481 2316 Rois sest escars as cheualiers loiaux
200 2281 1640 2382 r auant dist authoinee ey rois empereaux
303 2350 1682 2451 le terbe de flandres ly douray i castiaips
207 2403 1458 2493 dont y ueossire euploiyr samoisanx
197 2461 1652 2553 et linchier et uerser et estre moult ymaux
190 2516 1488 2603 partins sy esprouua con cheualier loniux
200 2566 1872 2677 t Rendoit cueras aultres as camper fur les preaux
207 2622 1525 2720 ant assalent no gent quescouses su solaux
303 2684 1532 2776 uy ont conquesces le monte de n aio
197 2732 1714 2835 ans Ce uille conquerre ne les nobles Eestaux
172 2789 1700 2891 epaira Rois authomes de mantalent tous caux
188 2840 232 2918 .
253 2852 1682 2953 beisses et martiis que leu cuers ontloyatex
289 2923 1668 3008 U uous archeneque qui tant fu naturams
338 2983 1790 3088 ni fi moult dolans ⁊ de courouch uermaux
278 3033 1445 3141 oute sen Repaira le nostre uarõnu
204 3095 1826 3203 q lus furont courouchiet sei gueur que ne uoꝰ die
197 3157 1557 3247 L che que Il nauoit C pille grugnu
188 3210 1412 3325 reury uout Regretant que Ilũ berian
