3104 4140
1433 1002 2768 1115 Eusy crestonte iour se tiurent en estant
1405 1060 3002 1182 Et uout le leur besongue moult cresuien abdaren
1428 1120 2931 1235 usque a rendemain que solail ua sfaca leuant
1415 1170 2756 1281 seue ly fel saraiui se Reuont ordenant
1396 1232 2855 1334 Eet ly abil dengle terreꝯ ua lieury clamant
1440 1290 2823 1391 moit tant exploitiet che dient ly rõmant
1396 1340 2772 1444 qment le roy authoine ⁊ amoury ie frant
1382 1393 2952 1492 Eeuademy lieue pres de lest au Roy soutdant
1431 1449 2832 1554 dont uyin iy baron dent ie upus roy parlant
1401 1494 2634 1619 li matui sa douberent ly chsrir uaillant
1504 1561 2846 1678 le Roy et le cõte quien dier sont creant
1601 1609 2323 1713 essus le sa pangue se
1405 1653 2540 1773 Et sarasui Re uout uissement apoestan
2367 1649 2917 1741 uout establisant
1387 1715 2673 1826 Cy arbalestrier sont de dont mis au deuãt
1392 1770 2832 1879 Piex que ly noise estgrande ꝯ il ua deemanãt
1343 1837 2913 1931 Sparasina et iuiens uout haultemet braiant
1403 1892 2738 1996 llencoutre se uout de sy gres aprochant
1385 1954 2761 2046 Rue de sesppĩgũ uout hun lantre damagant
1677 2014 2961 2099 ⁊ pies et bras. oour ui lantre coprant
1339 2067 2913 2162 Maar my les caup sen uout chil destre asserant
1445 2125 2986 2221 ne maisere ne uarlet ne uout sur eux portant
1663 2187 2830 2272 ire de come ua le uoise montant
1417 2228 2494 2316 iaposcoliont ce cose racõtan
1417 2277 2864 2380 e leury dengleterre ⁊ danchoine le frai
1447 2334 2715 2424 mense met se uout aux paiens cõbates
1419 2387 2818 2484 et quant en lipostoles en scent le cruuenãt
1532 2451 2765 2520 kier a larmue parmny dline le grant
1341 2504 2968 2601 dont sen uout ly crõmain darmures a pareilant
1486 2571 2837 2665 uant ly uous a restolet ale nouuelleoye
1424 2635 2850 2723 Que heuris se csbat eileegent uayennie
1438 2688 2724 2776 dien ua serpriant le fil sainte marie
1346 2734 1530 2789 ue
1560 2743 2791 2833 uicoire leursoit de par dieuotroiet
1364 2780 2712 2888 dout a fait ar̾mer legent et se maisie
1405 2833 2758 2950 on aumoner apele haultemẽt in escrie
1336 2895 2717 3010 Ales uous ent dist il dedens me xresorie
1396 2955 2832 3065 len xresoir de partes au peuple qui merue
1431 3012 1530 3075 u
1576 3026 2818 3127 hũs pat se grasse n faiche courtoisir
2929 2992 3002 3075 iiix
1362 3081 2804 3185 e doint uictoire a chiens de me uartie
1373 3125 1447 3224 Et
1481 3139 2814 3245 clreux lyacorda sa se uoie amellie
1447 3196 2494 3295 rresoir aporta en le sale uaute
1336 3242 2880 3383 le qobrre gent estoit pardessus le canchie
2597 3702 3032 3804 ont mrau
