3104 4140
204 699 1364 795 Gire dist il aluy or ne males crlant
209 770 1382 855 Eestes uous maries en uo pais plaisant
365 816 1553 899 re rois dengleterle dist le pape cortis
197 864 1408 936 Eestes uous maries ens ou uostre pail
200 913 1465 991 oiul che dist ly rois sains peres benais
207 982 1479 1041 ay dame belle et boue pour certaui ie uourdy
200 1018 1534 1110 Mes Iu Rgarde la ches guta ymages de gris
207 1071 1387 1152 Qui les sfait fares dites men le dems
207 1127 1500 1223 Biaux fieuxo dist ly papes sy maist Ihũ crist
223 1191 271 1271 M
278 1191 1491 1271 Aches wois authoines les fist fare Iadis
193 1248 1465 1329 Pour une soie silli que tolut ot le cler uis
218 1304 1212 1384 Elame est apeler le pucelle daitis
294 1352 1580 1435 lamoit laut chus rois que tant estoit hardiss
207 1409 1410 1478 Que de lamour de ln estoit tous assouplur
257 1451 1463 1527 et ne pouoit durer tant en estoit sourpriz
260 1506 1751 1591 belle estoit ma meche dunt dent ycuy uous deius
200 1561 1486 1646 Aydier me uint authoies coutre ures aueuus
195 1616 1523 1704 ures che fu par un signe que uous diray amuz
195 1669 1612 1759 Qur grasse ly denaydout mes corps fu maris
190 1715 1373 1810 Descponser le pucelli: fais ly en fu lyocris
197 1773 1419 1851 mes sy tost quil reuint arriẽ en son pares
195 1823 1389 1906 Et ma meclii le helle ot les parlers ois
200 1881 1431 1961 Elle guerpy la terra son corps sei fufuis
197 1931 1325 2007 dn neͬ scet eu elle est ne en confait pais
197 1984 1488 2070 dieiy le ueulle uarder et et le sains esperis
195 2040 1355 2122 Et quant celle paroli on ly rois heurisz
193 2097 1373 2178 Maris fu et peisans et forment a souplis
283 2145 1541 2231 uant le goy dengleteroe oit le papie parler
241 2198 1532 2286 Qut de lame por parole se moulier ouis cler
225 2247 1168 2339 ẽt lon fille de roy ⁊ Rome clamer
200 2295 1433 2375 ibont ne sceut le roy quedire ne peuser
186 2348 1428 2431 As ymagos cõmenche forment aregarder
197 2403 1470 2490 Un sien uaron apelle ou moult seppot fier
197 2456 575 2539 auus che ass
193 2507 1461 2594 Regardet ces ymages qui sont enche pller
616 2470 1484 2546 ly roiz ne mi ueullas celer
184 2553 1514 2635 Et delame me fami uous ueulli rame brer
186 2599 1532 2695 quis mest chus ymages le penuent ra sainbler
179 2651 1571 2746 Sire se dist ly uaissaux se dreixx mi puist sauuer
195 2711 1562 2780 mon sambler Re toutu si lout be mien penser
204 2753 1562 2840 ꝑest uray chie ast lemy por le corps saint omer
177 2801 1270 2884 Eusy se deuisa ly rois a che souper
98 2852 1442 2939 ien Et au saint cpostole enprist a demander
170 2909 1283 2989 repour celuy quey se laissa poier
165 2960 1445 3063 Qua celle demiselle dent uous oy parler
1550 609 1656 726 10
