3104 4140
1364 754 2745 885 onte auoit de fuit et faire Retorone
1341 825 2910 956 Car nuoit plus muoit bardi Iusquale me
1352 887 2641 1000 Pur be chenal estoit ale cupe mesler
1359 947 1398 1032 I
1470 952 2947 1081 Rgaitoit se gent Tout coure ual ue pree
1336 1002 2671 1127 Ett une expirinion ly est ou cuer entz
1447 1069 2857 1189 de uirte dediex drdat ens oucute entae
1389 1127 2931 1242 dont dist coiement douche uierge sauuee
1327 1168 2646 1297 Etiadi corps Ihũlis feis uraie por
1341 1232 2959 1350 uray dieu sy uran quen cois su te char lapide
1336 1285 2781 1405 or me soies aidans huy en celle purnee
1318 1345 2609 1455 Doremais enauant te loy amontee
1401 1419 2770 1515 uauchie par moy ⁊ xresbien gonurener
1325 1478 2929 1573 Par bien scay que elotare que est mon esponser
1311 1524 2685 1630 y eroit bieulermement de cuer et de per
1316 1591 2942 1683 Or ueruay au iour duy amns que soit lanespree
1288 1642 2988 1750 Se uy diemx ma moullier seroit poͬ my Riens m
1295 1711 2583 1812 Et sy tosque il ot celle raison conter
1421 1770 2816 1872 quilet ent dieuen cuer ⁊ en penser
1334 1839 2604 1927 ly enuoi qhũs qui fist ciel et Rouses
1300 1897 2650 1982 uut anugle benoit de se gloire adilree
1293 1957 2583 2044 Quila endroit ly asa targe tũsimer
1304 1991 2754 2106 fuise de sin a sur cõme elle est figuree
1320 2067 2648 2171 Lin serpentiaux dor a fachon desguisee
1332 2134 2754 2231 cestoient in eopaux ouuire deuuredoree
1306 2208 2952 2293 Mes dieus uailte quil neust plus iellectar
1293 2260 2692 2343 En chois he enuou par miraele ordeme
2795 2279 2931 2387 spori
1288 2318 2673 2415 Ou lieu des males uestes i fait deisee
1435 2378 2791 2465 atur dlĩs dor lu sur capoige asuree
1180 2435 2694 2532 de Et por uus dy lu celle enseigne dõne
1283 2479 2846 2601 ꝑdie iu senxelianche grant ett se renõmee
1318 2546 2945 2661 t que cretous ly Rois qui trenguent se cõtree
1309 2619 2393 2723 rout supilanõ degle sainter
1336 2651 3002 2789 uant dy rois uit lenfeigae sendrehiere effraet
1242 2743 2926 2849 Par le graide nuraele que ly fu demeustae
1380 2815 2961 2909 naut lesent perchut le uoble rois cloemn
1396 2865 2901 2976 eui estoit cains dasur flaes de fleurdelu
1373 2932 2749 3024 dist glorceux dieux peres deparadis
1247 2992 2722 3079 Qr scay et se gonchoy que de toy suy anny
1242 3047 2903 3173 Caz iu mal fait grant grasse iu soies̃ uenais
