<?xml version="1.0" encoding="UTF-8"  standalone="yes"?>
<PcGts xmlns="http://schema.primaresearch.org/PAGE/gts/pagecontent/2019-07-15" xmlns:xsi="http://www.w3.org/2001/XMLSchema-instance" xsi:schemaLocation="http://schema.primaresearch.org/PAGE/gts/pagecontent/2019-07-15 http://schema.primaresearch.org/PAGE/gts/pagecontent/2019-07-15/pagecontent.xsd">
  <Metadata>
	<Creator>escriptorium</Creator>
	<Created>2025-10-15T20:24:23.415416+00:00</Created>
        <LastChange>2025-10-15T20:24:23.415439+00:00</LastChange>

  </Metadata>
  <Page imageFilename="620416201_MS0742_0766_0151A.jpg" imageWidth="3104" imageHeight="4140">

    
    <TextRegion id="eSc_textblock_1e478a45"  custom="structure {type:text;}">
      <Coords points="1665,800 1725,855 1707,1166 1817,1196 1826,1230 1799,1294 1718,1304 1642,1361 1615,1469 1817,1552 1790,1598 1599,1616 1523,1683 1486,1902 1716,1931 1700,2300 1792,2355 1891,2336 2001,2373 1983,2435 1737,2472 1670,2638 1578,2723 1578,2776 1688,2879 1753,3125 1854,3173 1854,3236 826,3337 119,3291 82,2960 92,956 239,929 1320,938 1385,919 1470,818 1665,800"/>
      
      
      <TextLine id="eSc_line_f4a161db" custom="structure {type:default;}">
        <Coords points="241,972 241,984 301,998 303,998 306,998 342,986 464,993 467,993 469,993 471,993 471,991 473,991 478,984 478,965 473,933 239,931 241,972"/>
        <Baseline points="241,972 478,965"/>
        <TextEquiv conf="0.9996933539708456">
          <Unicode>uoiles</Unicode>
        </TextEquiv>
      </TextLine>

      
      
      <TextLine id="eSc_line_147fca13" custom="structure {type:default;}">
        <Coords points="1325,936 1323,936 1290,954 1277,961 1260,954 1244,947 1242,947 1240,947 1237,947 1210,954 1175,965 1125,965 1113,954 1092,938 1090,938 1088,938 1086,938 1000,952 731,945 729,945 623,949 621,949 607,956 575,975 430,968 427,968 404,968 381,970 358,970 342,970 250,982 151,959 154,1025 154,1048 1661,1016 1663,991 1656,954 1564,954 1562,954 1532,938 1530,938 1527,938 1445,954 1428,956 1419,954 1371,933 1369,933 1332,933 1325,936"/>
        <Baseline points="154,1025 1168,1009 1663,991"/>
        <TextEquiv conf="0.9681068857510885">
          <Unicode>es reclosont Drechies se sẽuont esquipant</Unicode>
        </TextEquiv>
      </TextLine>

      
      
      <TextLine id="eSc_line_d99d818d" custom="structure {type:default;}">
        <Coords points="144,1085 144,1113 287,1097 347,1108 356,1108 358,1108 361,1108 368,1106 407,1097 432,1104 444,1108 446,1108 448,1108 648,1104 734,1094 828,1085 899,1090 1012,1097 1014,1097 1017,1097 1049,1085 1053,1083 1056,1085 1067,1094 1069,1094 1072,1094 1074,1094 1173,1083 1191,1092 1194,1092 1196,1092 1198,1092 1201,1092 1219,1078 1221,1078 1228,1078 1320,1090 1323,1090 1325,1090 1327,1090 1346,1076 1348,1074 1357,1074 1449,1087 1451,1087 1454,1087 1456,1087 1481,1071 1484,1069 1562,1067 1562,1055 1555,1007 1507,1016 1474,1007 1463,1005 1461,1005 1458,1005 1456,1005 1447,1007 1421,1018 1378,1009 1364,1007 1362,1007 1359,1007 1357,1007 1355,1009 1334,1021 1189,1011 1157,1011 1155,1011 1129,1014 1012,1028 994,1016 991,1016 989,1016 987,1016 984,1016 982,1016 982,1018 971,1028 920,1016 911,1016 908,1016 906,1016 901,1018 869,1030 761,1021 757,1021 754,1021 752,1021 685,1035 637,1023 635,1023 632,1023 630,1023 572,1037 439,1028 437,1028 354,1041 142,1032 144,1085"/>
        <Baseline points="144,1085 1562,1055"/>
        <TextEquiv conf="0.992211890220642">
          <Unicode>Cant uout s uoloir dieu ly hon roy sousfisant</Unicode>
        </TextEquiv>
      </TextLine>

      
      
      <TextLine id="eSc_line_0bd8bbc4" custom="structure {type:default;}">
        <Coords points="301,1083 299,1083 273,1092 250,1101 144,1097 147,1136 151,1166 174,1152 223,1163 225,1163 227,1163 230,1163 232,1163 287,1150 306,1161 308,1161 310,1161 312,1161 570,1159 720,1150 899,1140 936,1145 991,1152 994,1152 1583,1127 1585,1108 1578,1062 1392,1067 1389,1067 1350,1083 1309,1067 1306,1067 1304,1067 1302,1067 1283,1069 1134,1087 1056,1074 1037,1071 1035,1071 1033,1071 1026,1074 989,1090 918,1076 895,1074 892,1074 890,1074 878,1078 846,1092 782,1081 754,1076 752,1076 750,1076 736,1081 706,1094 646,1083 637,1083 635,1083 632,1083 630,1083 614,1094 464,1087 437,1087 434,1087 432,1087 425,1090 381,1099 342,1090 303,1083 301,1083"/>
        <Baseline points="147,1136 1109,1124 1585,1108"/>
        <TextEquiv conf="0.960139566943759">
          <Unicode>⁊ue le miroir de cõme Il fuzent percenate</Unicode>
        </TextEquiv>
      </TextLine>

      
      
      <TextLine id="eSc_line_b04e52c5" custom="structure {type:default;}">
        <Coords points="1438,1115 1415,1115 1394,1115 1382,1127 1378,1129 1352,1127 1297,1120 1277,1120 1272,1120 1263,1127 1258,1131 1203,1129 1136,1124 1134,1124 1092,1124 1092,1127 1090,1127 1049,1129 904,1140 888,1131 881,1129 862,1129 853,1133 835,1140 823,1133 816,1129 816,1129 798,1129 789,1133 768,1143 628,1136 618,1136 616,1136 614,1136 570,1147 543,1136 540,1136 538,1136 536,1136 533,1136 531,1136 508,1150 349,1138 326,1138 324,1138 322,1138 317,1138 278,1154 128,1143 128,1186 128,1207 218,1219 220,1219 223,1219 264,1207 517,1212 520,1212 522,1212 524,1212 545,1200 710,1207 713,1207 809,1193 814,1193 826,1193 1104,1198 1106,1198 1109,1198 1143,1186 1201,1196 1203,1196 1656,1173 1656,1156 1654,1120 1635,1108 1633,1108 1631,1108 1629,1108 1560,1120 1442,1113 1438,1115"/>
        <Baseline points="128,1186 522,1186 1656,1156"/>
        <TextEquiv conf="0.9768966776984078">
          <Unicode>Nes en le mertrouuerent ton encoure sygrat</Unicode>
        </TextEquiv>
      </TextLine>

      
      
      <TextLine id="eSc_line_6ece30ac" custom="structure {type:default;}">
        <Coords points="128,1244 128,1271 202,1262 356,1267 375,1267 377,1267 379,1267 381,1267 402,1253 414,1265 416,1265 418,1265 421,1265 427,1265 556,1253 575,1260 582,1262 584,1262 586,1262 589,1262 591,1262 595,1260 614,1248 660,1258 676,1260 678,1260 708,1255 782,1242 892,1242 908,1248 915,1253 918,1253 920,1253 966,1246 1026,1239 1035,1246 1040,1251 1042,1251 1044,1251 1046,1251 1090,1244 1141,1232 1366,1230 1380,1235 1405,1242 1408,1242 1410,1242 1412,1242 1415,1242 1415,1239 1424,1232 1426,1232 1435,1239 1438,1239 1440,1239 1442,1239 1599,1225 1601,1207 1594,1168 126,1200 128,1244"/>
        <Baseline points="128,1244 1601,1207"/>
        <TextEquiv conf="0.9890351265668869">
          <Unicode>oxx uaissaux Remars de lezent termachant</Unicode>
        </TextEquiv>
      </TextLine>

      
      
      <TextLine id="eSc_line_13ca4621" custom="structure {type:default;}">
        <Coords points="1576,1209 1242,1228 1086,1237 1017,1232 934,1228 931,1228 816,1237 676,1248 644,1242 630,1237 628,1237 625,1237 623,1237 614,1242 593,1251 184,1251 186,1299 186,1313 260,1329 262,1329 264,1329 266,1329 266,1327 283,1313 285,1311 331,1311 333,1311 354,1327 356,1327 358,1327 361,1329 430,1329 430,1327 768,1304 1000,1290 1040,1301 1058,1306 1060,1306 1063,1306 1120,1299 1247,1283 1290,1294 1293,1294 1295,1294 1424,1281 1585,1290 1587,1290 1589,1290 1592,1290 1615,1276 1801,1288 1803,1260 1801,1219 1578,1209 1576,1209"/>
        <Baseline points="186,1299 1507,1260 1803,1260"/>
        <TextEquiv conf="0.955690989891688">
          <Unicode>ue pourassedier rõme uont par le mernagat</Unicode>
        </TextEquiv>
      </TextLine>

      
      
      <TextLine id="eSc_line_1b4371dc" custom="structure {type:default;}">
        <Coords points="938,1278 936,1278 927,1281 901,1292 876,1283 872,1281 869,1281 867,1281 842,1283 738,1299 579,1290 570,1290 549,1290 547,1290 545,1290 543,1290 543,1292 540,1292 529,1308 372,1311 133,1304 135,1345 135,1382 209,1380 211,1380 243,1363 283,1377 285,1377 287,1380 294,1380 345,1380 345,1377 347,1377 349,1377 365,1363 402,1375 404,1375 407,1375 575,1370 577,1370 579,1370 618,1352 655,1368 658,1368 660,1368 664,1368 738,1350 752,1361 752,1363 754,1363 757,1363 759,1366 777,1366 832,1366 832,1363 835,1363 837,1363 865,1343 943,1343 1228,1347 1231,1347 1341,1336 1357,1347 1359,1347 1362,1347 1364,1347 1366,1347 1415,1331 1470,1345 1472,1345 1474,1345 1477,1345 1484,1345 1564,1327 1603,1340 1608,1306 1596,1262 1583,1274 1470,1267 1424,1265 1421,1265 1325,1271 1079,1288 973,1281 941,1278 938,1278"/>
        <Baseline points="135,1345 471,1350 888,1327 1608,1306"/>
        <TextEquiv conf="0.9685559103434737">
          <Unicode>dar le cõmailt hurtant que castre ua tenant</Unicode>
        </TextEquiv>
      </TextLine>

      
      
      <TextLine id="eSc_line_6ae6b0f1" custom="structure {type:default;}">
        <Coords points="138,1407 138,1430 260,1439 262,1439 264,1439 312,1426 317,1426 333,1439 335,1439 338,1439 340,1439 342,1439 381,1423 386,1423 395,1423 471,1435 473,1435 830,1421 832,1421 865,1409 883,1405 968,1407 1132,1412 1134,1412 1224,1400 1254,1396 1263,1398 1283,1405 1286,1405 1288,1405 1290,1405 1306,1398 1316,1391 1327,1396 1334,1400 1336,1400 1339,1400 1341,1400 1343,1400 1348,1396 1355,1391 1362,1396 1371,1403 1373,1403 1375,1403 1378,1403 1419,1393 1454,1386 1546,1389 1550,1363 1546,1322 1385,1320 1382,1320 1380,1320 1362,1329 1350,1334 1311,1331 1249,1324 1247,1324 1244,1324 1221,1334 1214,1336 1201,1334 1152,1327 1150,1327 1148,1327 1145,1327 1134,1338 1129,1340 1104,1338 1037,1331 1035,1331 1033,1331 1030,1331 1017,1343 1010,1347 936,1347 924,1345 890,1336 888,1336 885,1336 826,1350 809,1352 798,1350 745,1340 743,1340 559,1359 536,1361 524,1361 444,1352 441,1352 439,1352 404,1366 402,1366 400,1366 358,1354 356,1354 354,1354 352,1354 315,1368 204,1359 202,1359 200,1359 135,1375 138,1407"/>
        <Baseline points="138,1407 685,1400 1550,1363"/>
        <TextEquiv conf="0.9507056595314116">
          <Unicode>anural de pprro plerne ua ces nes ꝯduisant</Unicode>
        </TextEquiv>
      </TextLine>

      
      
      <TextLine id="eSc_line_10b001df" custom="structure {type:default;}">
        <Coords points="862,1393 839,1393 828,1407 796,1396 793,1396 784,1396 759,1416 540,1419 404,1419 391,1405 388,1405 386,1405 384,1405 381,1405 379,1405 358,1421 310,1407 308,1407 306,1407 181,1423 128,1403 128,1460 128,1467 255,1490 257,1490 331,1476 347,1488 349,1488 352,1488 354,1488 467,1483 469,1483 471,1483 471,1481 480,1474 499,1485 501,1485 503,1485 506,1485 738,1481 740,1481 743,1481 757,1469 828,1481 830,1481 832,1481 835,1481 858,1460 860,1458 862,1460 874,1469 876,1469 878,1469 881,1469 943,1460 961,1458 966,1460 991,1476 994,1476 996,1476 998,1476 1000,1476 1042,1460 1051,1455 1274,1455 1277,1426 1270,1384 1076,1389 1074,1389 1072,1389 1058,1403 1040,1389 1037,1389 1035,1389 1033,1389 964,1400 878,1393 862,1393"/>
        <Baseline points="128,1460 635,1460 805,1453 941,1435 1277,1426"/>
        <TextEquiv conf="0.9867045330373865">
          <Unicode>reres estoit hurtant le sarazin ꝓuiant</Unicode>
        </TextEquiv>
      </TextLine>

      
      
      <TextLine id="eSc_line_ac3bdc7d" custom="structure {type:default;}">
        <Coords points="780,1455 757,1455 734,1467 280,1478 135,1472 138,1513 138,1529 204,1543 207,1543 209,1543 241,1529 448,1538 450,1538 453,1538 487,1522 503,1534 506,1534 508,1534 510,1534 690,1531 924,1524 927,1524 929,1524 929,1522 931,1522 941,1511 998,1517 1000,1517 1003,1517 1005,1517 1017,1506 1067,1520 1069,1520 1072,1520 1228,1501 1350,1511 1352,1511 1355,1511 1403,1494 1449,1504 1451,1504 1562,1488 1562,1472 1557,1439 1175,1439 1173,1439 1171,1439 1168,1439 1161,1446 1152,1453 1127,1449 1090,1442 1088,1442 1044,1451 1003,1458 964,1451 929,1446 927,1446 883,1453 830,1462 789,1455 780,1455"/>
        <Baseline points="138,1513 759,1508 1327,1476 1562,1472"/>
        <TextEquiv conf="0.9933482219533223">
          <Unicode>xxx mille paiane aloit chieux Rois menant</Unicode>
        </TextEquiv>
      </TextLine>

      
      
      <TextLine id="eSc_line_350a5bf8" custom="structure {type:default;}">
        <Coords points="1104,1490 1102,1490 1083,1494 1051,1506 1030,1497 1023,1494 1017,1494 1000,1494 998,1499 984,1508 966,1499 961,1497 947,1499 927,1499 920,1501 881,1515 556,1522 540,1515 526,1511 524,1511 522,1511 520,1511 517,1511 508,1517 492,1527 409,1522 347,1517 345,1517 342,1517 340,1517 331,1524 319,1531 283,1527 239,1520 236,1520 119,1531 121,1566 121,1586 230,1600 232,1600 234,1600 236,1600 236,1598 253,1584 255,1582 319,1582 322,1582 349,1596 352,1596 354,1596 478,1577 506,1575 508,1577 520,1586 520,1589 522,1589 524,1589 526,1589 595,1577 740,1582 743,1582 745,1582 747,1582 763,1570 773,1566 791,1570 828,1580 830,1580 832,1580 835,1580 878,1568 906,1561 924,1568 950,1575 952,1575 954,1575 957,1575 975,1566 982,1561 991,1566 1005,1573 1007,1573 1010,1573 1129,1568 1132,1568 1134,1568 1143,1561 1159,1552 1178,1561 1189,1566 1191,1566 1194,1566 1277,1563 1279,1563 1281,1563 1281,1561 1283,1561 1286,1557 1295,1547 1362,1557 1375,1557 1378,1557 1380,1557 1385,1554 1419,1543 1435,1554 1442,1522 1435,1483 1208,1501 1138,1492 1106,1490 1104,1490"/>
        <Baseline points="121,1566 692,1559 1442,1522"/>
        <TextEquiv conf="0.9823890771621313">
          <Unicode>de le gent sarazmne qui sont de ueubant</Unicode>
        </TextEquiv>
      </TextLine>

      
      
      <TextLine id="eSc_line_9884c6c0" custom="structure {type:default;}">
        <Coords points="1794,1543 1771,1534 1746,1524 1723,1515 1718,1513 1622,1517 1619,1517 1617,1517 1617,1520 1601,1534 1599,1534 1594,1534 1525,1520 1523,1520 1447,1536 1405,1545 1141,1545 1138,1545 1046,1559 971,1550 968,1550 966,1550 964,1550 952,1561 936,1547 920,1550 897,1550 832,1568 717,1568 694,1559 690,1561 667,1561 644,1561 641,1561 618,1573 600,1561 598,1561 595,1561 593,1561 524,1573 503,1561 483,1563 480,1563 448,1577 418,1566 416,1566 414,1566 411,1566 409,1566 395,1577 271,1573 269,1573 266,1573 216,1584 115,1568 117,1616 119,1658 186,1642 303,1651 317,1651 319,1651 322,1651 329,1651 388,1635 494,1642 520,1644 522,1644 524,1644 536,1642 577,1630 713,1632 782,1635 784,1635 786,1635 798,1630 819,1621 842,1628 855,1632 858,1632 860,1632 984,1621 1132,1609 1166,1614 1194,1619 1196,1619 1198,1619 1201,1619 1208,1612 1219,1607 1260,1609 1332,1616 1334,1616 1382,1605 1408,1600 1481,1600 1670,1605 1672,1605 1803,1586 1803,1559 1801,1545 1794,1543"/>
        <Baseline points="117,1616 966,1600 1803,1559"/>
        <TextEquiv conf="0.9503554183244706">
          <Unicode>Euantno uc̃ne gent crestienne uout paiens Rauisant</Unicode>
        </TextEquiv>
      </TextLine>

      
      
      <TextLine id="eSc_line_f261d3fb" custom="structure {type:default;}">
        <Coords points="984,1600 982,1600 980,1600 954,1612 947,1614 934,1612 878,1603 876,1603 874,1603 872,1603 858,1614 855,1616 849,1614 805,1605 803,1605 800,1605 798,1605 782,1616 780,1619 775,1616 750,1607 747,1607 745,1607 743,1607 708,1619 701,1621 697,1621 660,1609 658,1609 655,1609 653,1609 625,1623 621,1626 497,1628 487,1628 439,1616 437,1616 306,1632 285,1635 276,1635 218,1623 216,1623 140,1637 142,1672 142,1695 1398,1660 1398,1632 1394,1598 1205,1593 1203,1593 1063,1607 1017,1612 1010,1609 987,1600 984,1600"/>
        <Baseline points="142,1672 1398,1632"/>
        <TextEquiv conf="0.9981624881426493">
          <Unicode>deuant se sont uis se sen uout ordenant</Unicode>
        </TextEquiv>
      </TextLine>

      
      
      <TextLine id="eSc_line_ec789eb3" custom="structure {type:default;}">
        <Coords points="391,1665 349,1674 303,1683 138,1678 140,1720 140,1734 197,1747 200,1747 333,1731 352,1745 354,1745 356,1745 358,1745 423,1734 478,1743 480,1743 483,1743 517,1727 563,1741 566,1741 568,1741 839,1718 849,1718 853,1718 998,1727 1000,1727 1003,1727 1035,1713 1079,1727 1081,1727 1083,1727 1161,1711 1189,1722 1191,1722 1194,1722 1196,1722 1251,1706 1258,1706 1263,1706 1325,1720 1327,1720 1428,1701 1428,1685 1424,1653 1355,1639 1352,1639 1350,1639 1348,1639 1329,1651 1279,1642 1277,1642 1274,1642 1240,1655 1237,1655 1233,1655 1166,1649 1164,1649 1097,1658 1067,1662 980,1660 759,1655 757,1655 754,1655 752,1655 738,1665 731,1672 644,1674 605,1669 568,1662 566,1662 563,1662 561,1662 554,1669 543,1676 473,1672 393,1665 391,1665"/>
        <Baseline points="140,1720 1428,1685"/>
        <TextEquiv conf="0.9810220889556103">
          <Unicode>dour cõbatresen uout sararin aprestant</Unicode>
        </TextEquiv>
      </TextLine>

      
      
      <TextLine id="eSc_line_56c43e74" custom="structure {type:default;}">
        <Coords points="1283,1690 1260,1690 1237,1692 1233,1692 1208,1701 1203,1706 1056,1711 1046,1706 1028,1697 1026,1697 1023,1697 1021,1697 1019,1697 1019,1699 1010,1708 1003,1715 954,1715 895,1711 812,1704 809,1704 724,1715 623,1729 552,1720 517,1715 515,1715 513,1715 497,1720 455,1736 326,1724 306,1724 303,1724 301,1724 299,1724 299,1727 283,1743 135,1731 138,1777 138,1803 271,1796 278,1800 294,1812 296,1812 299,1812 301,1812 303,1812 333,1798 340,1793 379,1796 520,1803 522,1803 524,1803 566,1787 577,1782 586,1784 614,1798 616,1798 618,1798 754,1782 791,1791 793,1791 796,1791 798,1791 869,1773 872,1770 936,1768 938,1768 966,1782 968,1782 971,1782 1072,1764 1083,1761 1092,1761 1152,1775 1155,1775 1157,1775 1159,1775 1159,1773 1161,1773 1171,1761 1191,1770 1194,1770 1196,1770 1198,1770 1201,1770 1219,1757 1240,1766 1242,1766 1244,1766 1385,1747 1387,1731 1382,1699 1300,1690 1283,1690"/>
        <Baseline points="138,1777 524,1773 1387,1731"/>
        <TextEquiv conf="0.9673634866873423">
          <Unicode>a ueissies sõu⁊ en hault maint olifant</Unicode>
        </TextEquiv>
      </TextLine>

      
      
      <TextLine id="eSc_line_3f7f84c0" custom="structure {type:default;}">
        <Coords points="1058,1747 1017,1764 1007,1766 947,1766 754,1766 752,1766 635,1777 556,1787 540,1782 520,1775 497,1775 441,1787 425,1789 423,1787 414,1780 411,1780 409,1780 407,1780 404,1780 402,1780 393,1789 384,1793 356,1789 308,1782 306,1782 154,1796 156,1828 156,1856 241,1865 243,1865 347,1851 402,1865 404,1865 407,1865 409,1865 464,1844 503,1858 506,1858 508,1858 510,1858 582,1837 584,1837 618,1851 621,1851 623,1851 687,1839 757,1849 759,1849 761,1849 809,1828 957,1839 959,1839 961,1839 1051,1816 1058,1814 1060,1814 1074,1826 1076,1826 1079,1826 1081,1826 1083,1826 1125,1812 1127,1812 1134,1812 1256,1826 1258,1826 1260,1826 1309,1803 1311,1803 1313,1803 1355,1816 1357,1816 1359,1816 1362,1816 1364,1816 1387,1800 1389,1798 1454,1796 1454,1777 1451,1747 1417,1731 1415,1731 1412,1731 1293,1752 1212,1743 1210,1743 1208,1743 1205,1743 1189,1757 1189,1759 1132,1759 1129,1759 1067,1747 1058,1747"/>
        <Baseline points="156,1828 554,1826 1454,1777"/>
        <TextEquiv conf="0.9880505336655511">
          <Unicode>acarel et unsmes y uout re tentisant</Unicode>
        </TextEquiv>
      </TextLine>

      
      
      <TextLine id="eSc_line_5a901648" custom="structure {type:default;}">
        <Coords points="163,1897 163,1920 236,1918 250,1929 250,1931 253,1931 255,1931 257,1931 260,1931 262,1931 262,1929 278,1915 280,1915 292,1915 329,1915 354,1931 356,1931 358,1931 361,1931 506,1925 508,1925 554,1902 556,1902 570,1902 717,1913 720,1913 722,1913 724,1913 724,1911 738,1899 773,1911 775,1911 777,1911 780,1911 782,1911 814,1890 821,1890 906,1897 908,1897 911,1897 941,1885 973,1897 975,1897 977,1897 1088,1881 1138,1895 1141,1895 1143,1895 1145,1895 1187,1876 1219,1885 1221,1885 1224,1885 1226,1885 1295,1867 1297,1867 1300,1867 1334,1876 1336,1876 1339,1876 1465,1858 1465,1839 1461,1793 1194,1816 1161,1805 1148,1800 1145,1800 1143,1800 1141,1800 1127,1807 1095,1821 1081,1810 1079,1807 1079,1805 1076,1805 1074,1805 1072,1805 996,1807 994,1807 991,1807 984,1812 966,1828 899,1830 832,1819 814,1816 812,1816 809,1816 807,1816 803,1821 784,1835 653,1842 577,1830 559,1828 556,1828 554,1828 552,1828 549,1830 529,1844 487,1833 480,1833 478,1833 476,1833 473,1833 467,1835 425,1846 338,1839 319,1839 317,1839 315,1839 308,1842 255,1860 158,1849 163,1897"/>
        <Baseline points="163,1897 678,1883 1465,1839"/>
        <TextEquiv conf="0.9980419024825096">
          <Unicode>Y arbalesrre uout a grant forche traiant</Unicode>
        </TextEquiv>
      </TextLine>

      
      
      <TextLine id="eSc_line_e399c8d3" custom="structure {type:default;}">
        <Coords points="830,1876 828,1876 826,1876 823,1876 768,1897 653,1899 497,1890 490,1890 487,1890 485,1890 483,1890 480,1890 455,1908 370,1911 280,1899 278,1899 276,1899 273,1899 253,1915 225,1902 223,1902 220,1902 218,1902 174,1915 144,1904 147,1948 147,1980 317,1968 329,1973 342,1980 345,1980 347,1980 404,1971 439,1964 453,1968 485,1977 487,1977 490,1977 492,1977 494,1977 494,1975 508,1966 513,1961 533,1964 591,1971 593,1971 595,1971 616,1959 618,1959 630,1959 713,1968 715,1968 717,1968 752,1954 761,1964 761,1966 763,1966 766,1966 768,1966 770,1966 807,1954 890,1961 892,1961 989,1943 1010,1941 1017,1943 1044,1954 1046,1954 1049,1954 1129,1938 1159,1950 1161,1950 1164,1950 1166,1950 1168,1950 1168,1948 1182,1936 1184,1934 1187,1936 1231,1948 1233,1948 1235,1948 1237,1948 1290,1931 1295,1929 1300,1929 1320,1938 1323,1938 1325,1938 1401,1925 1401,1899 1394,1856 1155,1879 1083,1867 1079,1867 1076,1867 1074,1867 1040,1885 943,1888 839,1876 832,1876 830,1876"/>
        <Baseline points="147,1948 727,1938 1401,1899"/>
        <TextEquiv conf="0.9410297713781658">
          <Unicode>ames et de fier qu ly haint sont grant</Unicode>
        </TextEquiv>
      </TextLine>

      
      
      <TextLine id="eSc_line_1d5704e0" custom="structure {type:default;}">
        <Coords points="1691,1927 1672,1925 1608,1934 1516,1925 1507,1925 1504,1925 1502,1925 1500,1925 1479,1938 1387,1927 1378,1927 1375,1927 1373,1927 1371,1927 1336,1945 1260,1934 1258,1934 1074,1948 1021,1934 1019,1934 1017,1934 1014,1934 1012,1934 1010,1934 987,1952 890,1952 823,1938 812,1936 809,1936 807,1936 800,1938 775,1950 750,1938 747,1936 747,1938 724,1941 683,1957 483,1957 453,1945 448,1943 425,1945 349,1959 324,1948 322,1948 319,1948 312,1948 225,1961 126,1952 128,1996 128,2012 269,2033 271,2033 273,2033 358,2010 361,2010 421,2028 423,2028 425,2028 427,2028 462,2014 575,2023 577,2023 579,2023 582,2023 602,2010 738,2033 740,2033 743,2033 830,2005 890,2030 892,2030 895,2030 1044,2007 1115,2026 1118,2026 1120,2026 1357,2023 1359,2023 1442,1991 1700,1987 1700,1959 1693,1927 1691,1927"/>
        <Baseline points="128,1996 1235,1989 1700,1959"/>
        <TextEquiv conf="0.9791274547576905">
          <Unicode>dourtenir les uaissoux quil ne uoissent auãt</Unicode>
        </TextEquiv>
      </TextLine>

      
      
      <TextLine id="eSc_line_7c31ff4f" custom="structure {type:default;}">
        <Coords points="1302,1987 1300,1987 1283,2003 1231,2003 1076,1996 1074,1996 1072,1996 1037,2007 1012,1996 1010,1996 1007,1996 1005,1996 973,2007 959,1996 957,1996 954,1996 952,1996 950,1996 947,1996 947,1998 945,1998 936,2010 846,2000 844,2000 842,2000 821,2012 812,2003 812,2000 809,2000 807,2000 805,2000 653,2017 602,2005 586,2000 584,2000 582,2000 499,2003 497,2003 494,2003 490,2007 473,2019 434,2010 418,2005 416,2005 414,2005 289,2012 292,2063 292,2083 1705,2049 1707,2028 1700,1975 1603,1994 1527,1980 1516,1977 1514,1977 1428,1980 1426,1980 1424,1980 1421,1982 1394,1998 1320,1984 1302,1987"/>
        <Baseline points="292,2063 1707,2028"/>
        <TextEquiv conf="0.9475353509187698">
          <Unicode>ni uout no siron ee miauĩ eee cõuatant</Unicode>
        </TextEquiv>
      </TextLine>

      
      
      <TextLine id="eSc_line_3a0a8a1a" custom="structure {type:default;}">
        <Coords points="1375,2037 1352,2037 1329,2037 1306,2040 1283,2040 1277,2040 1111,2058 1090,2044 1088,2044 1086,2044 1083,2044 1081,2044 1044,2063 1040,2063 1017,2063 901,2056 899,2056 897,2056 895,2056 883,2065 881,2067 881,2065 860,2053 858,2053 855,2053 853,2053 784,2070 780,2070 761,2056 759,2056 757,2056 754,2056 752,2056 750,2056 731,2070 727,2074 662,2074 653,2072 602,2056 600,2056 598,2056 595,2056 593,2056 593,2058 582,2070 559,2058 556,2058 554,2058 448,2063 446,2063 444,2063 444,2065 441,2065 434,2074 379,2063 377,2063 375,2063 372,2063 345,2081 338,2086 225,2086 227,2116 227,2152 303,2136 490,2134 517,2145 520,2145 522,2145 524,2145 549,2143 690,2129 789,2136 800,2136 803,2136 805,2136 807,2136 821,2125 860,2134 862,2134 865,2134 867,2134 899,2120 947,2132 952,2132 954,2132 961,2132 1014,2118 1028,2129 1030,2129 1033,2129 1035,2129 1037,2129 1040,2129 1040,2127 1053,2116 1109,2127 1115,2127 1118,2127 1127,2127 1203,2111 1320,2120 1327,2120 1329,2120 1336,2120 1421,2104 1553,2113 1564,2113 1566,2113 1576,2113 1665,2097 1698,2109 1705,2076 1700,2044 1596,2035 1594,2035 1491,2049 1484,2049 1479,2049 1380,2037 1375,2037"/>
        <Baseline points="227,2116 655,2113 1705,2076"/>
        <TextEquiv conf="0.9827414822010767">
          <Unicode>pres et de lauchel uont les nes desprchant</Unicode>
        </TextEquiv>
      </TextLine>

      
      
      <TextLine id="eSc_line_16664256" custom="structure {type:default;}">
        <Coords points="1164,2095 1113,2111 1099,2099 1097,2099 1095,2099 1092,2099 1030,2111 1003,2102 996,2102 980,2102 950,2116 895,2106 881,2106 862,2106 770,2120 708,2113 697,2113 674,2113 651,2116 628,2116 517,2125 487,2116 467,2116 462,2116 384,2129 368,2116 365,2116 363,2116 361,2116 358,2116 317,2127 303,2116 301,2116 299,2116 296,2116 294,2116 292,2116 269,2132 220,2118 218,2118 216,2118 213,2118 211,2118 211,2120 193,2134 121,2120 124,2168 124,2182 216,2196 218,2196 333,2180 347,2178 354,2178 404,2191 407,2191 409,2191 411,2191 414,2191 414,2189 416,2189 423,2180 497,2189 499,2189 501,2189 503,2189 520,2175 524,2173 533,2175 598,2187 600,2187 715,2182 717,2182 720,2182 720,2180 722,2180 729,2171 731,2168 738,2171 786,2182 789,2182 791,2182 1074,2175 1076,2175 1079,2175 1097,2164 1099,2162 1109,2164 1148,2171 1150,2171 1152,2171 1155,2171 1166,2162 1175,2157 1456,2157 1458,2136 1451,2088 1295,2106 1258,2095 1256,2095 1254,2095 1251,2095 1249,2095 1228,2109 1178,2095 1164,2095"/>
        <Baseline points="124,2168 1458,2136"/>
        <TextEquiv conf="0.9679964146552942">
          <Unicode>Tui la ueist heurꝰ et authoine le ꝯrant</Unicode>
        </TextEquiv>
      </TextLine>

      
      
      <TextLine id="eSc_line_42b7f7f6" custom="structure {type:default;}">
        <Coords points="1302,2141 1300,2141 1274,2150 1256,2155 1242,2150 1226,2143 1224,2143 1221,2143 1219,2143 1217,2143 1217,2145 1210,2150 1196,2162 1136,2152 1106,2148 1104,2148 1102,2148 1099,2148 1099,2150 1095,2152 1083,2166 945,2168 823,2159 773,2155 770,2155 722,2157 720,2157 717,2157 717,2159 715,2159 701,2173 646,2162 630,2159 628,2159 625,2159 618,2162 591,2178 515,2164 506,2164 503,2164 501,2164 499,2164 476,2180 423,2168 421,2168 418,2168 416,2168 398,2182 358,2168 354,2166 352,2166 349,2166 347,2166 340,2168 287,2185 151,2173 154,2219 154,2237 255,2247 257,2247 349,2235 411,2251 414,2251 416,2251 418,2251 457,2237 586,2247 589,2247 591,2247 593,2247 593,2244 609,2231 655,2244 658,2244 660,2244 768,2242 770,2242 773,2242 796,2224 844,2240 846,2240 849,2240 1000,2235 1003,2235 1005,2235 1021,2224 1125,2233 1127,2233 1129,2233 1161,2214 1184,2228 1187,2228 1189,2228 1191,2228 1194,2228 1235,2217 1279,2228 1281,2228 1283,2228 1286,2228 1288,2228 1288,2226 1309,2210 1389,2221 1392,2221 1394,2221 1396,2221 1412,2208 1412,2205 1504,2203 1504,2182 1500,2145 1304,2141 1302,2141"/>
        <Baseline points="154,2219 869,2214 1504,2182"/>
        <TextEquiv conf="0.9742449797116793">
          <Unicode>t amoury giscoche le prinche souffisant</Unicode>
        </TextEquiv>
      </TextLine>

      
      
      <TextLine id="eSc_line_8219bb3c" custom="structure {type:default;}">
        <Coords points="1159,2201 1150,2201 1118,2221 1037,2210 1035,2210 952,2221 938,2212 929,2212 920,2212 888,2228 823,2217 814,2217 791,2217 784,2217 768,2231 563,2228 561,2228 503,2240 434,2228 432,2228 430,2228 402,2242 381,2226 379,2226 377,2226 375,2226 372,2226 326,2242 269,2228 266,2228 264,2228 124,2231 126,2277 126,2297 234,2313 236,2313 239,2313 308,2295 347,2311 349,2311 352,2311 354,2311 356,2311 356,2309 372,2295 423,2309 425,2309 427,2309 602,2293 734,2300 736,2300 738,2300 740,2300 763,2281 798,2297 800,2297 803,2297 1122,2288 1212,2267 1396,2260 1442,2260 1445,2260 1491,2272 1493,2272 1495,2272 1497,2272 1500,2272 1500,2270 1502,2270 1511,2258 1511,2256 1619,2254 1619,2235 1612,2187 1520,2203 1371,2194 1362,2194 1359,2194 1357,2194 1355,2194 1355,2196 1332,2214 1256,2203 1254,2203 1251,2203 1212,2217 1161,2201 1159,2201"/>
        <Baseline points="126,2277 780,2272 1619,2235"/>
        <TextEquiv conf="0.9701344661934431">
          <Unicode>Ehuieux geuoit une haiche a un largetailant</Unicode>
        </TextEquiv>
      </TextLine>

      
      
      <TextLine id="eSc_line_0f5cfaf0" custom="structure {type:default;}">
        <Coords points="598,2274 595,2274 543,2290 480,2281 478,2281 423,2293 381,2277 379,2277 377,2277 375,2277 335,2295 306,2277 303,2277 301,2277 299,2277 296,2277 294,2277 294,2279 273,2300 211,2300 181,2279 179,2334 179,2352 273,2346 285,2352 294,2362 296,2362 299,2362 301,2362 430,2359 432,2359 476,2348 499,2341 508,2346 524,2357 526,2357 529,2357 531,2357 600,2343 621,2341 644,2343 745,2352 747,2352 851,2336 888,2332 899,2336 934,2348 936,2348 938,2348 1161,2343 1343,2323 1373,2320 1394,2320 1509,2334 1511,2334 1638,2313 1638,2295 1631,2244 1339,2260 1306,2251 1304,2251 1302,2251 1300,2251 1297,2251 1295,2251 1281,2263 1249,2254 1247,2254 1244,2254 1242,2254 1240,2254 1212,2274 1074,2279 1046,2267 1044,2267 1042,2267 757,2286 600,2274 598,2274"/>
        <Baseline points="179,2334 998,2320 1378,2300 1638,2295"/>
        <TextEquiv conf="0.9847885578177696">
          <Unicode>air le port de cesnes ua sy grant copfrapat</Unicode>
        </TextEquiv>
      </TextLine>

      
      
      <TextLine id="eSc_line_f6df64d3" custom="structure {type:default;}">
        <Coords points="1751,2332 1728,2318 1723,2316 1560,2306 1557,2306 1555,2306 1502,2320 1461,2309 1458,2309 1456,2309 1369,2323 1187,2316 1184,2316 1182,2316 1180,2316 1161,2327 1012,2320 1000,2320 989,2334 821,2336 805,2325 803,2325 800,2325 798,2325 796,2325 793,2325 770,2339 676,2329 674,2329 577,2343 503,2332 501,2332 186,2352 188,2387 188,2410 285,2405 315,2410 358,2417 361,2417 363,2417 384,2408 400,2401 416,2408 437,2415 439,2415 441,2415 540,2412 543,2412 577,2403 598,2396 607,2401 625,2410 628,2410 630,2410 855,2405 858,2405 860,2405 860,2403 872,2394 878,2389 920,2392 1035,2401 1037,2401 1040,2401 1074,2387 1079,2385 1380,2378 1398,2378 1546,2389 1548,2389 1550,2389 1553,2389 1573,2373 1576,2373 1647,2387 1649,2387 1652,2387 1686,2369 1764,2366 1767,2348 1762,2339 1751,2332"/>
        <Baseline points="188,2387 669,2387 1081,2364 1767,2348"/>
        <TextEquiv conf="0.9748598463991855">
          <Unicode>ne plus de plaine. paine uã euses Iust entrant</Unicode>
        </TextEquiv>
      </TextLine>

      
      
      <TextLine id="eSc_line_afcfab7d" custom="structure {type:default;}">
        <Coords points="1965,2364 1912,2348 1909,2348 1907,2348 1624,2373 1608,2373 1606,2373 1571,2357 1569,2357 1566,2357 1564,2357 1532,2373 1527,2378 1449,2378 1438,2375 1385,2359 1382,2359 1380,2359 1295,2378 1281,2380 1270,2378 1226,2366 1224,2366 1221,2366 1219,2366 1217,2366 1201,2378 1196,2382 1180,2380 1152,2373 1150,2373 1060,2380 984,2387 966,2382 936,2373 929,2373 911,2373 892,2382 874,2392 632,2394 623,2389 607,2389 584,2389 561,2389 552,2389 520,2396 193,2394 195,2440 195,2467 264,2474 266,2474 269,2474 285,2467 312,2456 402,2465 407,2465 409,2465 411,2465 434,2454 460,2465 467,2467 469,2467 471,2467 473,2467 480,2465 503,2454 570,2463 602,2467 605,2467 651,2463 766,2447 807,2461 823,2465 826,2465 828,2467 915,2467 915,2465 950,2458 1003,2447 1099,2456 1132,2458 1134,2458 1136,2458 1138,2458 1141,2456 1166,2438 1348,2435 1606,2449 1672,2451 1675,2451 1698,2447 1801,2426 1838,2444 1843,2447 1845,2447 1847,2447 1990,2442 1990,2410 1985,2389 1965,2364"/>
        <Baseline points="195,2440 1433,2410 1990,2410"/>
        <TextEquiv conf="0.9205719430384964">
          <Unicode>tly gaurelot setent sarazin iectent mainit gaurelortrechat</Unicode>
        </TextEquiv>
      </TextLine>

      
      
      <TextLine id="eSc_line_e40992fa" custom="structure {type:default;}">
        <Coords points="161,2497 161,2530 363,2525 365,2525 368,2525 407,2504 515,2518 524,2518 526,2518 529,2518 531,2518 556,2504 609,2513 623,2516 625,2516 651,2511 731,2497 745,2509 750,2511 750,2513 752,2513 754,2513 757,2516 819,2516 819,2513 964,2509 1026,2497 1079,2486 1247,2486 1251,2458 1244,2419 1161,2421 1159,2421 1157,2421 1136,2438 812,2444 743,2433 731,2431 729,2431 713,2433 616,2449 520,2438 506,2438 503,2438 501,2438 499,2438 473,2454 448,2440 446,2440 444,2440 441,2440 421,2440 230,2458 158,2449 161,2497"/>
        <Baseline points="161,2497 941,2481 1251,2458"/>
        <TextEquiv conf="0.9945607750039351">
          <Unicode>t noloy crestienne se uõt a couuetant</Unicode>
        </TextEquiv>
      </TextLine>

      
      
      <TextLine id="eSc_line_a46e1b91" custom="structure {type:default;}">
        <Coords points="1148,2467 1125,2467 1109,2481 1106,2481 1090,2470 1079,2472 1056,2474 1042,2474 982,2486 943,2495 757,2500 738,2497 694,2488 692,2488 612,2500 591,2490 572,2490 570,2490 510,2507 501,2509 497,2507 460,2493 457,2493 439,2493 358,2513 356,2513 352,2513 255,2507 253,2507 181,2520 186,2562 188,2585 225,2573 310,2580 372,2585 375,2585 473,2573 547,2564 561,2569 579,2576 582,2576 584,2576 759,2571 761,2571 763,2571 777,2559 786,2553 796,2559 807,2566 809,2566 812,2566 814,2566 816,2566 819,2566 819,2564 821,2564 826,2557 830,2553 837,2557 858,2566 860,2566 862,2566 1127,2557 1129,2557 1184,2541 1205,2536 1228,2539 1293,2550 1295,2550 1297,2550 1300,2550 1300,2548 1316,2536 1318,2532 1394,2530 1421,2532 1539,2541 1541,2541 1642,2520 1642,2507 1635,2458 1569,2470 1546,2461 1527,2454 1525,2454 1523,2454 1520,2454 1518,2454 1504,2463 1495,2467 1479,2465 1442,2456 1440,2456 1265,2461 1263,2461 1260,2461 1242,2472 1157,2465 1148,2467"/>
        <Baseline points="186,2562 927,2539 1306,2511 1642,2507"/>
        <TextEquiv conf="0.9760111052057018">
          <Unicode>e targes et descus se uot moult uitꝰ couuirant</Unicode>
        </TextEquiv>
      </TextLine>

      
      
      <TextLine id="eSc_line_41c25a45" custom="structure {type:default;}">
        <Coords points="220,2619 220,2635 340,2633 342,2635 363,2645 365,2645 368,2645 427,2633 439,2631 444,2633 462,2645 464,2645 467,2645 469,2647 543,2647 543,2645 545,2645 584,2631 598,2626 609,2628 648,2642 651,2642 653,2642 784,2626 846,2619 869,2624 890,2631 892,2631 895,2631 897,2631 915,2624 934,2617 950,2624 973,2633 975,2633 977,2633 1033,2622 1049,2619 1058,2622 1083,2631 1086,2631 1088,2631 1254,2626 1256,2626 1272,2617 1283,2612 1302,2617 1320,2622 1323,2622 1325,2622 1327,2622 1339,2617 1359,2605 1408,2615 1419,2617 1421,2617 1424,2617 1431,2615 1468,2603 1479,2615 1484,2617 1484,2619 1486,2619 1488,2619 1491,2619 1638,2610 1638,2578 1631,2530 1484,2534 1481,2534 1454,2548 1389,2536 1387,2536 1385,2536 1352,2553 1277,2539 1270,2539 1267,2539 1260,2539 1178,2557 1104,2543 1095,2543 1092,2543 1090,2543 1088,2543 1088,2546 1069,2562 766,2566 750,2555 750,2553 747,2553 745,2553 743,2553 727,2555 651,2571 593,2559 579,2557 577,2557 556,2559 469,2576 421,2564 411,2562 409,2562 407,2562 384,2564 301,2580 218,2571 220,2619"/>
        <Baseline points="220,2619 1166,2599 1638,2578"/>
        <TextEquiv conf="0.996105874196077">
          <Unicode>roy conques en mer not uataille sy grat</Unicode>
        </TextEquiv>
      </TextLine>

      
      
      <TextLine id="eSc_line_1c6c7942" custom="structure {type:default;}">
        <Coords points="1449,2587 1447,2587 1419,2599 1389,2589 1387,2589 1385,2589 1382,2589 1380,2589 1380,2592 1366,2603 1366,2605 1302,2605 998,2605 996,2605 994,2605 991,2605 987,2610 973,2617 904,2612 842,2605 830,2608 819,2608 814,2612 800,2622 789,2612 782,2608 780,2608 777,2608 775,2608 736,2615 674,2626 623,2617 600,2612 598,2612 554,2617 439,2633 310,2622 294,2622 292,2622 289,2622 287,2622 287,2624 271,2638 140,2626 142,2679 142,2700 444,2704 446,2704 448,2704 450,2704 469,2691 471,2691 515,2702 517,2702 520,2702 609,2686 630,2684 653,2686 759,2695 761,2695 763,2695 793,2681 832,2693 835,2693 837,2693 839,2693 842,2693 858,2679 904,2686 906,2686 908,2686 911,2686 924,2677 929,2674 954,2677 1069,2686 1072,2686 1138,2670 1152,2668 1161,2670 1214,2681 1217,2681 1219,2681 1221,2681 1240,2668 1244,2663 1311,2663 1323,2665 1380,2677 1382,2677 1557,2656 1560,2642 1555,2601 1451,2587 1449,2587"/>
        <Baseline points="142,2679 483,2677 1079,2647 1560,2642"/>
        <TextEquiv conf="0.96672336502773">
          <Unicode>ui ly ot ache pur de quoy ie uois Rarlãt</Unicode>
        </TextEquiv>
      </TextLine>

      
      
      <TextLine id="eSc_line_c86073ae" custom="structure {type:default;}">
        <Coords points="1527,2645 1518,2645 1352,2658 1323,2651 1306,2649 1304,2649 1302,2649 1300,2649 1300,2651 1297,2654 1288,2661 1267,2654 1249,2649 1247,2649 1244,2649 1242,2649 1240,2649 1228,2656 1217,2663 1189,2658 1164,2654 1161,2654 1159,2654 1138,2661 1115,2668 1046,2665 943,2661 941,2661 853,2674 816,2679 775,2679 637,2672 635,2672 632,2672 579,2688 575,2688 570,2688 538,2677 536,2677 533,2677 453,2693 418,2681 416,2681 414,2681 411,2681 409,2681 386,2695 271,2686 269,2686 266,2686 209,2702 167,2691 165,2691 163,2691 161,2691 158,2691 158,2693 149,2700 151,2737 151,2773 317,2750 340,2764 342,2764 345,2764 347,2764 368,2764 568,2743 605,2750 630,2755 632,2755 635,2755 637,2755 637,2753 639,2753 641,2748 651,2737 701,2734 734,2743 757,2750 759,2750 761,2750 830,2746 832,2746 835,2746 846,2739 858,2730 881,2737 906,2743 908,2743 911,2743 959,2732 991,2725 1037,2727 1097,2732 1099,2732 1102,2732 1120,2723 1134,2718 1145,2723 1182,2734 1184,2734 1187,2734 1189,2734 1244,2718 1258,2714 1279,2716 1343,2723 1346,2723 1348,2723 1380,2709 1382,2709 1385,2709 1403,2718 1405,2718 1408,2718 1553,2700 1553,2684 1546,2645 1527,2645"/>
        <Baseline points="151,2737 1553,2684"/>
        <TextEquiv conf="0.9896502605704374">
          <Unicode>nes Iuas les sarazuis en ua le pit tournãt</Unicode>
        </TextEquiv>
      </TextLine>

      
      
      <TextLine id="eSc_line_1a9196e9" custom="structure {type:default;}">
        <Coords points="151,2787 151,2810 365,2815 368,2815 370,2815 400,2803 473,2810 476,2810 632,2792 637,2792 639,2792 690,2801 692,2801 694,2801 697,2801 708,2789 740,2799 743,2799 745,2799 1495,2755 1495,2732 1491,2695 1320,2711 1270,2704 1240,2702 1237,2702 1194,2709 1125,2720 1113,2714 1111,2709 1109,2709 1106,2709 1104,2709 1102,2709 1088,2714 1067,2723 1044,2716 1026,2711 1023,2711 1021,2711 1019,2711 1017,2711 1017,2714 1014,2714 1012,2718 1005,2727 964,2727 950,2720 943,2716 941,2716 938,2716 936,2716 934,2716 920,2723 906,2730 899,2723 897,2720 895,2720 892,2720 890,2720 828,2727 740,2737 683,2734 593,2730 591,2730 589,2730 545,2741 524,2746 510,2743 478,2734 476,2734 473,2734 471,2734 469,2734 457,2746 453,2748 411,2748 264,2743 262,2743 149,2760 151,2787"/>
        <Baseline points="151,2787 780,2776 1495,2732"/>
        <TextEquiv conf="0.9850859851450533">
          <Unicode>ar no uaron Ie uout sy bien aucturant</Unicode>
        </TextEquiv>
      </TextLine>

      
      
      <TextLine id="eSc_line_26af3ce3" custom="structure {type:default;}">
        <Coords points="899,2769 883,2769 881,2776 874,2783 860,2776 849,2771 830,2773 828,2773 823,2778 814,2787 761,2787 720,2783 669,2778 648,2780 630,2780 614,2789 607,2792 593,2789 552,2783 549,2783 478,2796 460,2799 455,2796 427,2785 425,2785 423,2785 421,2785 381,2801 379,2801 372,2801 299,2789 296,2789 165,2810 167,2847 172,2877 186,2865 197,2875 200,2877 202,2877 204,2877 207,2877 234,2872 287,2863 306,2870 326,2877 329,2877 331,2877 333,2877 335,2877 347,2868 363,2856 393,2865 421,2872 423,2872 425,2872 529,2858 552,2856 572,2856 701,2863 704,2863 706,2863 708,2863 724,2849 727,2847 729,2849 754,2861 757,2861 759,2861 761,2861 763,2861 786,2847 791,2842 807,2845 869,2856 872,2856 982,2838 1118,2847 1120,2847 1122,2847 1125,2847 1155,2829 1159,2824 1355,2817 1357,2792 1352,2753 998,2778 945,2771 920,2769 899,2769"/>
        <Baseline points="167,2847 1030,2819 1357,2792"/>
        <TextEquiv conf="0.9873537179586049">
          <Unicode>c̾ue ly istoire dist et uaramẽteuant</Unicode>
        </TextEquiv>
      </TextLine>

      
      
      <TextLine id="eSc_line_df6da3dd" custom="structure {type:default;}">
        <Coords points="165,2900 165,2916 306,2925 308,2925 455,2909 462,2909 464,2909 524,2921 526,2921 745,2900 763,2900 766,2900 780,2911 782,2911 784,2911 786,2911 1074,2907 1159,2888 1166,2888 1173,2888 1221,2900 1224,2900 1562,2877 1564,2861 1560,2817 1454,2817 1451,2817 1449,2817 1447,2817 1445,2819 1426,2833 1408,2822 1408,2819 1405,2819 1403,2819 1401,2819 1398,2819 1389,2822 1343,2835 1221,2826 1166,2824 1164,2824 1132,2831 1069,2845 846,2847 823,2840 803,2833 800,2833 798,2833 745,2842 697,2852 628,2847 543,2840 540,2840 538,2840 536,2840 524,2849 513,2858 427,2858 414,2854 388,2845 386,2845 384,2845 381,2845 347,2856 331,2861 315,2856 278,2847 276,2847 273,2847 271,2847 269,2847 253,2858 248,2863 241,2858 225,2852 223,2852 220,2852 163,2861 165,2900"/>
        <Baseline points="165,2900 984,2888 1564,2861"/>
        <TextEquiv conf="0.9929182870047433">
          <Unicode>ue amouris entra en le nof lanaraut</Unicode>
        </TextEquiv>
      </TextLine>

      
      
      <TextLine id="eSc_line_9459d77f" custom="structure {type:default;}">
        <Coords points="1550,2863 1530,2863 1507,2865 1493,2879 1389,2870 1380,2870 1346,2884 1318,2872 1300,2875 1283,2875 1263,2888 1210,2888 1189,2879 1184,2879 1161,2881 1145,2881 1127,2891 987,2888 977,2891 954,2891 931,2891 908,2891 885,2891 862,2891 839,2891 816,2893 793,2893 770,2893 747,2893 724,2893 701,2893 678,2893 655,2895 632,2895 609,2895 586,2895 563,2895 549,2895 543,2900 531,2909 483,2904 432,2898 425,2898 402,2898 379,2898 356,2898 354,2898 352,2898 338,2909 326,2916 195,2916 197,2957 202,2996 220,2980 319,2980 329,2992 333,2994 333,2996 335,2996 338,2996 340,2996 342,2996 370,2989 444,2971 464,2985 471,2992 473,2992 476,2992 478,2992 556,2989 612,2985 614,2985 616,2985 616,2983 621,2978 637,2962 701,2962 727,2973 736,2978 738,2978 740,2978 743,2978 745,2978 752,2973 773,2960 786,2971 796,2978 798,2978 800,2978 803,2978 805,2978 807,2978 807,2976 814,2969 826,2960 862,2969 895,2973 897,2973 899,2973 901,2973 911,2966 924,2955 941,2964 964,2976 966,2976 968,2976 1074,2957 1136,2948 1150,2955 1180,2969 1182,2969 1184,2969 1187,2969 1260,2950 1277,2946 1281,2948 1297,2962 1297,2964 1300,2964 1302,2964 1304,2964 1419,2962 1421,2962 1424,2962 1424,2960 1438,2948 1495,2960 1497,2960 1642,2932 1642,2911 1635,2858 1550,2858 1550,2863"/>
        <Baseline points="197,2957 1642,2911"/>
        <TextEquiv conf="0.9672054662260898">
          <Unicode>ne saln et pres ioins de se haiche srapãt̾</Unicode>
        </TextEquiv>
      </TextLine>

      
      
      <TextLine id="eSc_line_09ed42d1" custom="structure {type:default;}">
        <Coords points="227,3019 227,3040 301,3035 310,3040 335,3052 338,3052 340,3052 342,3052 345,3052 363,3038 370,3033 388,3035 430,3045 432,3045 434,3045 460,3033 471,3029 490,3033 538,3042 540,3042 543,3042 545,3042 561,3029 566,3024 577,3029 607,3040 609,3040 612,3040 614,3040 616,3040 616,3038 618,3038 628,3026 630,3022 678,3019 706,3022 777,3033 780,3033 782,3033 819,3017 828,3015 839,3017 895,3029 897,3029 989,3012 1007,3024 1010,3024 1012,3024 1014,3024 1109,3019 1111,3019 1113,3019 1113,3017 1129,3006 1134,3001 1240,3001 1240,2978 1233,2939 1026,2941 1023,2941 1021,2941 1014,2948 1005,2953 980,2950 918,2941 915,2941 913,2941 860,2955 837,2960 816,2957 754,2948 752,2948 750,2948 701,2962 676,2950 674,2950 671,2950 508,2971 483,2973 478,2973 450,2960 448,2960 446,2960 404,2962 402,2962 400,2962 400,2964 398,2964 388,2976 386,2978 375,2978 280,2966 278,2966 276,2966 223,2983 227,3019"/>
        <Baseline points="227,3019 1240,2978"/>
        <TextEquiv conf="0.9758546451727549">
          <Unicode>fery lamiral en le ceste deuai</Unicode>
        </TextEquiv>
      </TextLine>

      
      
      <TextLine id="eSc_line_6f6346a4" custom="structure {type:default;}">
        <Coords points="163,3093 165,3125 234,3107 250,3121 253,3121 255,3121 257,3121 260,3121 264,3121 322,3104 340,3116 342,3116 345,3116 347,3116 349,3116 352,3116 352,3114 363,3104 377,3114 379,3114 381,3114 384,3114 473,3107 476,3107 478,3107 499,3093 517,3104 520,3107 522,3107 524,3107 526,3107 637,3102 671,3095 747,3081 796,3088 816,3091 819,3091 821,3091 832,3086 853,3077 862,3084 865,3088 867,3088 869,3088 872,3088 874,3088 876,3088 876,3086 881,3084 890,3075 931,3081 943,3081 945,3081 947,3081 959,3079 998,3070 1023,3075 1058,3081 1060,3081 1194,3075 1196,3075 1231,3063 1251,3056 1290,3058 1364,3065 1366,3065 1369,3065 1392,3054 1401,3049 1428,3052 1491,3056 1493,3056 1495,3056 1525,3045 1527,3045 1530,3045 1553,3056 1555,3056 1557,3056 1675,3035 1675,3019 1668,2962 1566,2985 1500,2969 1495,2969 1493,2969 1491,2969 1486,2969 1424,2987 1408,2976 1405,2976 1403,2976 1401,2976 1398,2976 1396,2976 1380,2987 1297,2978 1286,2978 1283,2978 1272,2980 1214,2994 1196,2983 1194,2983 1191,2983 1189,2983 1187,2983 1182,2985 1136,3008 667,3029 644,3019 641,3019 639,3019 637,3019 635,3019 616,3031 303,3026 292,3026 289,3026 287,3026 241,3049 158,3033 163,3093"/>
        <Baseline points="163,3093 1675,3019"/>
        <TextEquiv conf="0.9871439595114101">
          <Unicode>dn bien la consieuy pour uray le uous creant</Unicode>
        </TextEquiv>
      </TextLine>

      
      
      <TextLine id="eSc_line_4913b5e1" custom="structure {type:default;}">
        <Coords points="434,3081 432,3081 430,3081 411,3093 404,3098 184,3100 186,3146 186,3176 283,3162 299,3173 301,3173 303,3173 306,3173 483,3169 485,3169 501,3164 582,3144 641,3160 644,3160 646,3160 648,3160 651,3160 655,3160 736,3139 826,3150 828,3150 830,3150 869,3132 973,3132 1003,3146 1014,3150 1017,3150 1019,3150 1021,3150 1023,3150 1028,3146 1049,3130 1115,3141 1118,3141 1120,3141 1122,3141 1152,3125 1260,3123 1295,3134 1320,3144 1323,3144 1325,3144 1327,3144 1329,3144 1346,3132 1348,3132 1366,3132 1472,3139 1474,3139 1477,3139 1507,3127 1534,3116 1555,3125 1564,3130 1566,3130 1569,3130 1571,3130 1587,3123 1608,3116 1624,3123 1647,3132 1649,3132 1652,3132 1714,3118 1716,3098 1709,3052 1635,3056 1622,3054 1580,3042 1578,3042 1576,3042 1573,3042 1571,3042 1553,3056 1543,3061 1527,3056 1481,3045 1479,3045 1477,3045 1474,3045 1472,3045 1449,3058 1440,3065 1366,3065 1362,3063 1348,3052 1348,3049 1346,3049 1343,3049 1341,3049 1249,3052 1173,3068 1152,3072 1136,3070 1095,3061 1092,3061 1090,3061 1088,3061 1074,3072 1067,3075 1046,3072 950,3061 947,3061 945,3061 943,3061 927,3072 826,3065 823,3065 821,3065 819,3065 796,3081 791,3084 784,3081 745,3068 743,3068 740,3068 738,3068 736,3068 713,3084 708,3086 694,3084 655,3077 653,3077 651,3077 648,3077 648,3079 639,3086 637,3091 457,3093 455,3093 441,3081 439,3081 437,3081 434,3081"/>
        <Baseline points="186,3146 416,3144 941,3111 1716,3098"/>
        <TextEquiv conf="0.9862674000588331">
          <Unicode>ere qusques es espanles Il le ua pourfendant</Unicode>
        </TextEquiv>
      </TextLine>

      
      
      <TextLine id="eSc_line_5b724228" custom="structure {type:default;}">
        <Coords points="1173,3109 1171,3109 1143,3118 1120,3125 1090,3121 1053,3114 1051,3114 1049,3114 1046,3114 1035,3121 1019,3132 1007,3123 1000,3116 998,3116 996,3116 994,3116 931,3118 855,3127 708,3146 687,3132 685,3130 683,3130 681,3130 678,3130 676,3130 674,3130 669,3134 651,3144 616,3134 609,3132 600,3134 589,3134 584,3137 540,3153 497,3141 494,3141 492,3141 490,3141 487,3141 467,3155 407,3146 404,3146 322,3162 239,3150 236,3150 234,3150 232,3150 211,3164 165,3150 167,3208 167,3229 487,3226 490,3226 510,3217 522,3213 526,3217 533,3224 536,3224 538,3224 540,3224 543,3224 545,3224 545,3222 552,3217 561,3208 614,3215 641,3217 644,3217 646,3217 648,3217 653,3213 664,3206 683,3213 699,3217 701,3217 704,3217 706,3217 708,3217 708,3215 713,3210 722,3203 775,3210 809,3213 812,3213 814,3213 823,3208 844,3196 927,3203 931,3203 934,3203 936,3203 938,3203 950,3192 975,3203 984,3206 987,3206 989,3206 991,3206 1005,3201 1049,3187 1083,3199 1092,3201 1095,3201 1097,3201 1099,3201 1109,3199 1155,3183 1456,3185 1458,3160 1451,3109 1203,3125 1189,3116 1180,3109 1178,3109 1175,3109 1173,3109"/>
        <Baseline points="167,3208 388,3206 961,3169 1458,3160"/>
        <TextEquiv conf="0.9801298548013736">
          <Unicode>nort labat a le terde escoche ua criant</Unicode>
        </TextEquiv>
      </TextLine>

      
      
      <TextLine id="eSc_line_d4aa1d3f" custom="structure {type:default;}">
        <Coords points="605,3192 605,3194 591,3206 589,3206 533,3196 529,3199 513,3199 487,3208 485,3210 138,3215 140,3252 140,3298 195,3305 197,3305 200,3305 225,3295 260,3284 306,3293 402,3314 404,3314 407,3314 409,3314 437,3288 444,3284 450,3288 460,3295 462,3295 464,3295 467,3295 469,3295 490,3288 501,3284 515,3286 598,3309 600,3309 602,3309 605,3309 607,3309 641,3284 641,3282 736,3272 747,3279 786,3305 789,3305 791,3305 793,3305 1030,3300 1033,3300 1035,3300 1081,3270 1086,3265 1127,3263 1143,3268 1224,3295 1226,3295 1228,3295 1231,3295 1318,3268 1341,3279 1343,3279 1346,3279 1348,3279 1350,3279 1366,3268 1511,3279 1514,3279 1516,3279 1518,3279 1548,3256 1553,3254 1560,3254 1631,3265 1633,3265 1849,3245 1849,3215 1840,3176 1790,3164 1787,3164 1571,3183 1569,3183 1566,3183 1497,3167 1495,3167 1336,3180 1306,3171 1304,3171 1302,3171 1300,3171 1297,3171 1281,3183 1217,3173 1214,3173 1212,3173 1210,3173 1189,3192 1187,3192 1111,3176 1109,3176 1106,3176 1081,3190 1069,3178 1067,3178 1065,3178 1063,3178 989,3190 906,3180 904,3180 803,3201 796,3201 782,3201 616,3192 605,3192"/>
        <Baseline points="140,3252 485,3252 1132,3224 1849,3215"/>
        <TextEquiv conf="0.9532478891667866">
          <Unicode>Et engleterre anssy eafyan fort roy auaunt</Unicode>
        </TextEquiv>
      </TextLine>

      
    </TextRegion>
    
    <TextRegion id="eSc_textblock_e52f0747"  custom="structure {type:text;}">
      <Coords points="821,726 853,745 835,788 809,761 821,726"/>
      
    </TextRegion>
    

    
  </Page>
</PcGts>
