3104 4140
172 811 1879 979 i se chest homs unuans dont Il soitt Recõgins
174 903 1371 1030 s mains lochira ouil ert cõfundus
200 961 1468 1081 eriere le gourdine que bien estoitouuree
306 1007 1757 1127 nent le Roy coustant et le dame estalee
135 1064 1748 1214 nis de E le cambre euurer dolante et esgaree
1150 1122 1688 1216 pas espantee
230 1138 1109 1265 pour quant a louurir ne sei
138 1230 167 1290 le
117 1205 1578 1331 ms louury uistement saus mili ariestee
121 1262 1339 1391 t ly Roi ꝙ entra ale brache quaree
133 1317 1668 1453 qui cõme faure auoit se Moutente Parce
124 1382 1585 1513 buant plaisauche le uit aidont sestestrire
147 1439 1711 1561 anc que uoles uous moult estes malprinee
131 1504 1617 1623 Qui ensement busquirs ame sembre friunee
184 1573 1654 1681 ly fois uistement la moult uien e fruee
398 1630 1744 1741 Sy atrait pardessons mne Nrenchant espee
135 1692 1472 1805 et puis ly dist putam uous estes Racusee
190 1747 1359 1867 scay bien de uo fais le uerite prouuer
149 1800 1251 1922 araung poy eestien aues este prinee
181 1851 1334 1968 uous laueez teme coie ment ae celee
151 1913 1435 2040 nen san quil est chiens se mort ly ay iuree
167 1957 1497 2095 ar prendre le feray ains quil soit laueppree
170 2012 1500 2145 ourant ua cha et la faisant cgiere deruee
165 2076 1428 2203 ant quil Rrouna le roy aqui queche agree
167 2134 1633 2254 les quant uint sur le roy qui eantł a renõmee
161 2196 1251 2297 iu urant ly aouee une telle cour
174 2233 1463 2373 ne de sen puing ne fust touruee ly espee
161 2302 1465 2419 aiy euist le char moust laidement traueer
167 2346 1594 2488 Nes du plat lasseua par che augbe est tõure
195 2410 1564 2541 coustans saly sus qui ot le lptlee hatrelee
163 2479 1601 2589 ing urant rient en se main alepointe affiter
161 2557 1281 2651 priant ua iouster de telie padonre
177 2615 1486 2711 ue le uon iozerain nely uaixrieus nee
188 2679 1343 2766 ont parmy les uoiais alespee coulee
174 2730 1472 2826 lautre caup ly ꝑche le cuer et le coree
165 2796 1129 2879 uort laban/ conques ny fist eiee
1233 2776 1520 2856 a atirre
232 2835 1723 2939 ors su ly rois prians que dieu doint encõrrier
188 2898 1495 2994 Et coustaulãs aplaisanche apris a escrier
163 2966 1518 3042 daie uy nuis amort ue seigneur droiturar
177 3008 1702 3107 ire che dist plaisanche Ie nen dõne un demer
172 3061 1426 3180 ors en soit ly uois t que tout a aiugier
