3104 4140
75 894 1686 1007 õment Epour la moir dien craullar Raullee se leussa
82 965 1081 1046 cõmei Il sainty cõment on ordona
119 1009 1042 1101 uenoite eglisy que qhũirist fouda
138 1060 1069 1159 une seulle nut le fist et coupassa
1044 1071 1438 1212 quil fist/
75 1110 987 1198 es muraclee Iet cõment sesprouna
82 1163 1088 1244 euant ꝓbnn Irlm la ou on le drech
128 1207 1389 1311 ne les fere de glans le gly leua Iour con
119 1262 1171 1352 se more et se uie du cout ly pecor da
80 1322 1102 1403 uant ludanc loy forment len auoia
75 1366 1525 1453 doiz lamour de sen frere moult teuroment ploura
78 1421 1281 1508 usy muigont pat mer et Ihũs lel mena
80 1465 1355 1563 aut que droit en bretardue Royheuryariua
75 1529 1311 1612 et puie pardeuers cours d rois sachemina
85 1589 1357 1674 t dieux ly tous poissant un messaige enuoia
85 1649 1300 1720 uaron, saint felis quen le fories Rongna
85 1699 1419 1782 t quer uuans tous pplains les in enfant grrdr
119 1754 1069 1833 angle uint a luy et se le salua
89 1800 1263 1879 elie che dist ly augles or enteng amon cha
85 1849 1228 1941 nou Ie mau d qe moy qualer tesonuera
87 1908 1463 1991 en le chite ⁊ cours faire le couuoda le tefaura
92 1961 1553 2046 e le clt la sont ly cos enfant que ly tion colps uarda
80 2028 1212 2090 de doui celle forest ly uii un urac porte
82 2070 1182 2139 oy aus gu les, noris ⁊ sieu leut eudla
85 2116 1161 2194 lame le leurauede crr bien deseruyla
82 2164 1173 2235 et par toy iustement dy rois heleri sara
85 2221 1242 2297 ue chi sont sy enfant crar sou pechonya
112 2265 1300 2355 Riche pois authoie que elame engeura
101 2327 1196 2398 rouuerastu oussy car auent y aux sen ua
94 2369 1173 2449 ⁊ ten ua droit a tours et Ilũs tardera
82 2417 1309 2507 et samni felus Respont que uelentiers yra
89 2484 1143 2562 elerimeng ist aultre uesture na
75 2527 1451 2633 ue les fuello foellee du los dent il se conueta
82 2596 1279 2686 eruntaighe a laissiet et le bois trespassa
85 2635 1235 2730 denus est a le mer et marchans y trouua
89 2693 1247 2778 est cuenus a eux et se leuz demande
82 2739 1214 2822 duelepait il ypout le maistredit sya
82 2794 1256 2879 eue bre tanigneil yrout et felis lenipria
85 2847 1290 2925 uanent eux qiust aler triscun lyacorda
89 2904 1228 2992 l entraen le mor hr maistres lesquipa
80 2953 1155 3045 uent orent a soit hait Sieu cascun loa
80 2999 117 3063 A
144 3008 1352 3095 caurray de lermite tant que poins eissera
80 3063 1461 3148 de Ray de heur qui enuera coure son uĩt ua
85 3114 1095 3219 driant a ihũlrise qui le moude cut
1716 1097 1746 1202 111
