3104 4140
1589 784 1757 899 704
225 906 1737 1005 borieux dieuxs dist Il qe ne uaufisseuuo
338 979 1829 1071 uostre plaeiser fust que ceste que ceste nef uertie
547 1053 1500 1120 ste ais cal chreux de ma ligner
338 1090 1445 1173 con me Rembateroist .un teriene uie
239 1138 1537 1214 uray dier ꝯfondes moy par ycelleddemse
241 1186 1693 1274 Fue nul det mon liguaide carnel ne mecause
310 1242 1663 1331 e lausmoeue mon pere I poude auoir prise
269 1297 1622 1391 ames pur ne geoie sour quente ne quemise
255 1352 1408 1442 dont est auexis yssut hois du uaissel
241 1393 1757 1499 mes pour ment se re doub̾re car ia hõmg caruel
234 1451 1507 1552 ne sera ia ia cõ quu tropacangie li pet
335 1508 1500 1600 fu magre et las mes uien ast qua losteel
283 1568 1350 1649 e son arre uena resueror auquz don
276 1612 1300 1695 aome sen entra apornt dun baston
271 1662 1541 1750 l encontre son pere que moult estoit prereun
273 1720 1355 1807 a ore que le fil mist lee pere araisot
287 1766 1553 1856 a dit treschier sire ueullics moy q erbegier
230 1814 1663 1904 Poier dien qui en le lrois Iu tramilirs et peurs
253 1872 315 1929 E
388 1874 1583 1954 es pies et ses mains et son coste perches
253 1920 1769 2007 ueus ramaint uostze fil que uous auertant chuer
377 1977 1626 2065 nant le pere entendy le caison dalexie
391 2021 1900 2118 poult teuremẽt ploura des y eus de son biau unĩ
255 2083 1672 2166 den frere uous cares quant le manoi Requiez
230 2132 1725 2224 Pu non de mon chier sil que de bon cuer amoie
230 2194 1663 2281 eqme quil me laisa ie nench parsaite ioie
253 2249 1925 2346 Couspurs quant men soument de deul mori uoroie
324 2320 1707 2396 apy de paradis qui toua les bient enuoie
230 2357 1495 2442 Peulle as cõforter qui byfont ioretoisn
239 2412 1753 2507 moul fu en se psuesse se char moult sõuefnorie
243 2472 1693 2566 Or ne saige pour uou sil est mort ou enme
264 2527 1451 2608 La Aui ansi que son crpre a querpu
287 2585 1746 2665 e Coy que auꝰ a sonsfere maite forte ioinnt
248 2631 1746 2718 ar les pomres gens sont trop uiermẽt apeles
358 2688 1548 2776 leuer dest sounent mainte lude geulo
273 2739 1711 2833 t a dont le souuint sans point de demourie
236 2796 358 2904 E
549 2789 1675 2893 tpers de rõme ꝯapele constantin
453 2854 1718 2939 t uenes amoy poier dieu francppeliri
276 2902 1764 2989 ames ne uous saura ne char ne panz ne uin
243 2950 931 3031 gnant a le pis lentent
213 2999 1711 3102 Et dy dist uiaux coulps sires Ie ferale porpue
1058 2962 1652 3047 uit le chiel enclin
216 3072 2038 3187 Ał Qrant che uaillant prendõine y chy maherbigre
1233 701 1325 749 o
