3104 4140
115 641 1520 749 Me bourse qui est belle Ie uous uoray dõuer
117 722 1447 814 Ie plus riche poil q que sares demander
163 784 1511 869 n mon riche kesor que uous uoray monstrer
133 844 1610 926 les que Rair le uourse ⁊ che quẽs ca uant boitter
105 903 1493 984 Quant autlioures lentent couleur peentaunier
230 949 1323 1037 uant authoines oy que celle desroit
236 1007 1564 1097 le bourse ly rendist et che que ens estoit
110 1064 1734 1163 dont Iure dame dieux que hault siet et lont uoit
117 1122 1502 1225 du che que eus esteit anchois Regarderou
158 1182 1587 1292 dont oeuure le bourse ⁊ ensh que Il ouuroit
149 1242 1445 1359 e dame sault auant et tantost labperdoit
133 1308 1461 1403 er dist au coy authoine i ne l aueroi
131 1368 1578 1474 Puil Regardast dedens ⁊ point napartenoit
147 1432 1306 1534 due che ly resusast que priet ly auoit
149 1481 1518 1586 Et authoines ly dist Iamais ne le teuroit
144 1538 1369 1651 aroit uent de dens quel cose il yanon
172 1600 1461 1711 Ie la dame sescape en ⟦et piant se signoit
384 1674 418 1766 e
538 1662 1502 1759 ele bourse et se main y boutoit
167 1720 1364 1846 a trouua le saiel quy contre fais estoit
151 1777 1629 1911 d quoy tous les .po. bries saielles elle auoit
135 1849 1658 1966 uant le roy uit le sigur au Roy heury ueuoit
142 1913 1451 2033 Et ly adt cõment en le bourse trouuoit
174 1968 1380 2095 esaiel qui fut dor q̃ bien ouures estoit
151 2021 1458 2159 e roy heury le print le saiel regardoit
149 2086 1449 2210 e conte en apella qui clochestre tenoit
140 2148 1612 2263 Et puis ymellement le roy ly deuaandoit
158 2210 1433 2343 euant wardy se fame se de tenuauoit
165 2281 1474 2396 e saul dengleterre que laissut ly auoit
184 2343 1562 2454 t ly contes lysist que bien ly mouste roit
161 2405 1419 2530 Et quelame le belle deliuree ly auoit
149 2474 1520 2596 Iore le bailla heury aqui ly fans nuoit
257 2534 1596 2665 fist faire que deiyx ⁊ tpoi en apercoit
147 2603 1445 2725 Iors iura dame dieu sy treshault ꝯ looit
126 2642 1806 2785 Sa tous les Iours dumonde. yestre dacpnei deuoi
211 2727 1541 2847 ist pl tout en oiant que se merc arderoit
165 2794 1320 2909 Par morir auoit fait elame qui la moit
186 2849 1652 2962 doint ne uoloit de fatar se more ly rendoit
172 2911 1451 3052 le uielle fu saisie le roy de cõmandoit
