3104 4140
1518 837 1675 913 102
174 947 1587 1051 pelont che que tu y es pour luy atel fin mis
142 1007 1520 1097 siracle demonstrast uriefient quies subggiat
147 1058 1580 1159 Car ou despit ron dieu ⁊ Ie len meth su cpis
174 1115 1520 1214 pera Ia dune lanche droit aton cuer senns
142 1166 1585 1258 Renoies dist ly bere de dieux soies man dul
209 1221 1527 1324 t de le douche uierge le Rome d prin
188 1288 1530 1368 t de le saince crois ou dieu fu mors et uia
193 1329 1514 1451 ussy tost quot chi dit ly uaissaux amouruz
161 1380 1734 1520 oiant tresont le peuple est rdi̾ hurtanso cre pis
151 1449 1594 1566 mel not ni maina ne pies qui ne sy soit falis
236 1504 1553 1616 Ue duint et cendre trestous est amontis
167 1573 1369 1678 a fist ceste miracle ly peres Ihũcrist
186 1623 1587 1750 ypeup les des paiiens en su tous espaubia
184 1690 1523 1803 urtantot un In equieu cest solymons dy gris
200 1752 1527 1862 uant chil uit le sien oucle qui ensy fu fima
156 1826 1288 1922 Il apris une lanche sy est auant salis
241 1865 1576 1968 olymans quant Il uit son oncle tresbuquer
257 1936 1497 2023 Il apris uistement une laucheͬ dachier
144 1987 1541 2074 denus est a le croilz saua pomnt d latarga
147 2049 1279 2122 il ceste amoury ua le lauchi apon r
204 2099 1495 2187 restout oultre le corps ꝙy ua parmy siquier
230 2152 1537 2242 ay ieta ly ueri quant sent femort iugier
223 2205 1622 2293 le ciuz desen uentre et fensre et prerchier
172 2258 1647 2343 y cuera ly ua falant quant uint au fa pasaquier
170 2318 1364 2396 namreuant sat Ie dere et bien cerpefu
181 2359 1603 2449 ie ly glous so limans se uolt du sant moullier
167 2412 1555 2502 dar myises dois ly sille Il ne senppot gaitier
158 2472 1426 2557 De quoy Il le count il lenqueir esrarier
200 2527 1502 2610 t tout chil qui du saut alerent a tenchie
172 2580 1520 2670 nen xxx .xi f uesil Il lerques maruoir
186 2638 1647 2739 et lun uutre ferir et morsiert me haignier
147 2707 1382 2796 quithois con leu peist ne iourr ne lour
260 2762 1511 2840 ochirent le pour alua de demy milier
156 2817 1530 2914 nais saraqui salerent ormiret huubergier
177 2870 1801 2976 olimaus et lee aultres qui diuy doiust eneobrur
174 2941 1325 3024 lerint assaler et douant ot derier
186 2992 1495 3081 ⁊ les uout assaler et leu uout dehequer
193 3047 1617 3150 usy meuut qpt char con trenche au maselr̾
515 3107 552 3153 or
209 3114 1237 3196 tamouris qui tant fest aurisier
195 3153 1530 3275 de deuir lostelerie con dt fait tres buchue ⁊
