3104 4140
1205 726 2761 827 Que fait ly gentieux papes ou lieu de dieu assilz
1201 791 2349 883 coufaite aide ail coutre ses arabis
1201 853 3030 963 Ile ques rois nt ques coites quelz dis nequelz marchis
1201 913 2501 1002 Et ly uous cardinaux le a fait le deuis
1189 988 2639 1081 Mar non et par sournon len nõma iusqua x
1198 1039 2353 1136 A dont sest acoisies. et le damegentis
1203 1108 2625 1202 Ly dist sare pour dieu aue en le aais fu mis
1191 1163 2692 1276 Dont uienchi que ly papes de scienche garms
1187 1237 2452 1317 Na en coustaitinoble mande de ses amisz
1288 1299 2722 1384 Ure che dist elaine que tant ot le cuer gent
1180 1352 2864 1435 Dont uienr che que le pape con apelle cluuent
1194 1416 2528 1490 rla en constoitmoble mande de bõur dent
1219 1474 2717 1545 kr le fort Roy auchoure que taut est peurrent
1194 1522 2597 1612 Dame Ie le uous diray sans nul arestement
1203 1586 2689 1683 In Richel Rois auclones dont faites parlement
1217 1653 2586 1747 niest pas en son roialme ne en son castement
1198 1713 2761 1800 Ains ly est aurne grant paine et drant tourment
1189 1777 2464 1872 pour uni  fille a claine ole corps dent
1201 1842 2517 1941 Eui uoloit espouser en droit marement
1198 1908 2464 1998 Et celle ne uoloit conseitir mullement
1214 1961 2554 2070 De senfuy par mer car elle en ot talent
1201 2033 2809 2141 De predre le sien pire pour faire habitement
1189 2106 2606 2212 pont elle ualx mieu selons men iucement
1198 2180 2439 2288 Pra iure ses peres ⁊ fait le sercment
1208 2251 2823 2346 Oue mais narestera pour ꝑlemie ne pour uent
1198 2311 2825 2415 para troune se sille que de biante resplent
1203 2378 2837 2479 Et pourchi ni poous trouuer luy ne segent
1203 2435 2547 2534 Quant elame le belle oy le parlement
1196 2495 2613 2612 Du cardiual se part sans nularestement
1210 2564 2853 2677 En se iambre est entree la pleure teurement
1194 2635 2724 2746 Eet cistt aln meismes or seiy certainement
1184 2707 2811 2803 Se mes peres me cerut en cestuy cassement
1304 2776 2567 2868 me se ra ardoir a doel et a tourment
1205 2847 2673 2939 m me de porteroit pour tout lor doririt
1316 2898 2731 2976 ame l Rame moult teurement ploira
1385 2955 1424 3019 1
1438 2948 2839 3033 le roy dengle terre point ne sy aresta
1210 3001 2611 3114 t fist ses bries escaipre et se lel seela
