3104 4140
94 837 1594 972 ont conguns uous seres quadroit fil uoꝰ tõray
204 913 1304 1044 risse resporsy Rorment desire lay
335 954 1617 1090 clle a det urisse ie uous prieet reqmer
1751 1011 1870 1110 tez
165 1018 1603 1147 Tue uous me doues enseues ꝯme paend
216 1078 1375 1191 r fl ensementide uo loies moullu ⁊
92 1129 1350 1258 dons lares bist ly Ril couta uodestrier
92 1168 1502 1317 Nesque uouz me uoles iurer ⁊ fianchier
101 1244 1408 1370 oconte de clochẽstre ne feres ensõbrier
103 1290 1472 1442 ire che dist ly enfes uien le ueul otroier
103 1354 1537 1494 rar pine que uouelaucrs Iele oy auchier
105 1412 1843 1554 naux fieis̾ clge dist ly rois qui fut moult aprisier
246 1485 1454 1614 echy crõis seaux cõfist ia de forgier
163 1540 1617 1676 sont de su argent trouue moult teeselsier
216 1612 1440 1734 ons cu auo mere quile cuer at entier
119 1655 1751 1803 et lantre fu memere qui ens un fu fis lauchier
119 1711 1744 1862 et le tors sy Rasmiens ly signe sout moult chier
119 1793 1652 1931 Sar che seren cõganã se uolis chenanchier
105 1862 1451 1996 du paia dengletorre ⁊auant ecarier
108 1920 1532 2060 Sire che a dit urisses ien ꝙ grant defirier
98 1968 1716 2136 piaux firux che dist ly rois encor uoꝰꝰ ueulprier
98 2042 1626 2187 Rue quant uaus arel fait tant uostre d sirier
101 2109 1633 2247 fue de ches iamau fachies tantos forgier
108 2180 1537 2306 ous cruchefis ou non de dieu le droiturier
103 2221 1654 2373 duil me ueulle ue mere sy ly plest Renuoier
193 2295 1647 2421 ueul aun quchefil met faichies entaillier
140 2364 156 2428 .
121 2343 1677 2497 Et assir de dens londres a saint poloumonstier
112 2426 1373 2548 Di non de qhũ crist qui tant a aingur
108 2484 1479 2626 Paubien a le proir delame Reuseegnier
110 2559 1617 2670 Sont cõmenchaly Rout forment a laruuer
255 2610 1601 2737 seao et le bettre uaason fil baillier
308 2672 1640 2808 ses prist les seaipo que heury a bailla
664 2734 1615 2847 . la melle qui lorfeure tua
147 2806 1389 2927 lprer celle auenne le Roylieury ala
138 2863 1578 2994 haisier sel deux enfans que forment ilama
131 2923 1362 3052 Et anchome ly pois forment bes acola
117 2992 1557 3118 Enfant che dist leuꝑx oyes cou uous dira
115 3038 1518 3173 Qullre le mer men uois oules pardela
128 3100 1608 3254 Ie ne scay se iamais moncorps uous Reuerta
