3104 4140
1571 627 1668 758 16
319 717 1428 814 Margueriet le uielle fist marie leuer
329 768 1479 876 Et puis sy len a fait sur le palais aler
294 825 1698 929 Pour aucunes besongnes que ly uault quander
308 890 1491 984 Et puis tout coiemrnt ua le saiel bonter
306 936 1474 1037 Ou elle lauoit pris et le uourse frumer
308 1000 1465 1104 dont apris clame un prtit atrambler
296 1058 1357 1154 Ie dame sesuella se cõmenche acrier
303 1120 1649 1214 uus sondos en dormant lot fait esspouẽter
296 1170 1633 1276 Enaurs uous belle fille ne le ueullies celer
294 1232 1608 1340 Dame che dist elame ne le puis Rasenser
294 1297 1691 1416 uus souchel que songoie ma fait sy fort peuser
280 1370 1682 1472 Ponclie dame loyaux que Ie ue puis durer
273 1439 1700 1531 Dieux me ueulle heury monseigeur Ramener
273 1501 1479 1589 Ore mestoit ains que uauroit le cheler
276 1559 1474 1642 Que ueoie mon corps a paine deliurer
269 1609 1587 1706 De deux felons serpens eta me nẽsanter
276 1676 1477 1775 uenoient chil serpent mon uiare grauer
294 1736 1675 1835 Et faisoient meu cuier ⁊ percluer et trambler
285 1798 1760 1897 Et puis se me portorent dedeus le haulte mer
273 1853 1472 1948 Desus une mõtantie me faisoient uoler
260 1913 1520 2007 Et la me fist ey unis un de mes bras seurer
264 1968 1610 2063 Et len uault auens luy tout mengier u porter
278 2037 1583 2122 Ensy me courrenoit sans un brach demourer
255 2090 1495 2157 Et ensy mauuais lieu me ueoie arier
250 2143 1509 2228 Ene il me ceuuenoit toute iour teuander
269 2203 1325 2288 Et a une main seulle le buer laner
248 2270 1721 2362 Dont Ie uis cun serpent que ie doy tant doubter
253 2334 1603 2426 Qui men brach enporra paur my en afoler
248 2396 1661 2481 Cui de puis me ueuoit iue. pourtiende aporier
241 2449 1313 2553 Et se me nourisoit ⁊ opardestir
260 2500 1589 2612 et me uenoe me main a men urach resander
250 2564 1783 2679 e ne scay que poeult estre ne ne scay que penser
239 2626 1619 2730 Elame dist le uielle. pourdieu laissies ester
236 2693 1693 2796 Egr on ne se doibt point pour nul songe effraer
253 2755 1748 2861 elz est chus uilains oraiges que cõmenclie apassez
223 2815 1548 2918 dame che dist elame ie ne scay que Penser
326 2872 1472 2980 pry ceb aihũcist que tout a asauner
239 2930 1792 3088 ft au corps sainte elame que dieuy uault tant amer
