3104 4140
1293 850 2788 949 Feurement ua prõurant se main a semmentoit
1309 908 2517 982 que fremestre y gt ale cambre de non
1283 954 2733 1044 Et auoit dr dessous̃ uni uergier uel et uon
1341 1016 2830 1090 y uergurõ su moult biaux et de noble fachon
1327 1058 2811 1138 poult donclement y uout euitant In oyselon
1272 1104 2560 1184 Alinseurear eres y ot entouret emror
1258 1156 2747 1239 Tout selonc le fresmestres dont ie fay minsion
1263 1198 2894 1292 ꝑauoit un granta ure moulet rgs enson moilon
1412 1251 2735 1347 braiques furent belles et fleues en son
1323 1308 2330 1384 Quant e lame le uoit sy ot an
1286 1345 2501 1430 Que le saualeros ouuergier abandon
1329 1412 2487 1492 Et que cor troueroit aucan maigion
1329 1462 2531 1550 u mu chier se proroit coiement a laron
1283 1511 2448 1598 ue uranque saisy le Raue denen
1297 1552 2689 1665 Le por paes de hault quey de cel Randon
1348 1612 2593 1713 e petit sen faly ne urisa le crepon
1283 1660 2860 1787 Mon pour quant sen fuy tout clochant du calon
1309 1729 2593 1833 iui issar srouna paz deles un doiꝰdu
1263 1782 2579 1890 Par asenest issue et se iuist au troton
1325 1826 2659 1945 quet sen ua suant aforche et a uandon
1350 1902 2379 1998 ns ua Reclaihant qui sousbrys
1339 1952 2653 2063 t Regrece plaisancle a leblere faichpn
1332 2026 2853 2122 py dame dist a ba dieux uous faiche Mardon
1311 2083 2583 2173 ar uous̃ maues este lorux a mon beson
1258 2143 2818 2231 hme perche de uous saulidirc ne auairnoni ⁊
1309 2196 2537 2274 Eusy dist le roure ale clere faichon
1267 2242 2793 2341 Et llyrfors roia hurcups qui creoit en mahon
1254 2300 2531 2392 Hu surement courglies au se coudision
1277 2357 2643 2435 uant ne trouua pour acompla sen uoit
1306 2403 2823 2493 tout partout le uoutquerde faien et esclauon
1267 2449 2811 2555 Ines pas n ne le trouuerent lysaraiut felon
1263 2516 2542 2594 Car de dame sen uaa dieu beuaichon
1350 2555 2496 2658 essi iusque derõnie ne fist a riestison
1260 2615 2445 2702 Elle se herbirza eule chiede noi
1293 2672 2521 2766 len deman sen dla poit auoir gririson
1341 2720 2443 2810 l couit lapostole quecumensotanor
1302 2769 2496 2870 quenc le poure geut senaloit fuison
1265 2812 2606 2925 ly papes issoit hors̃ de se grant mansion
1237 2875 2641 2976 Pouraler osseler sur le destrar gascon
1316 2934 2542 3040 e lame le roine le prist par le goron
1237 3001 2583 3095 ulte uoid̾ bycrie by dame dde rouon
1233 3049 2988 3150 pas ꝙeres uostre auosues pours iou ug enporon
1249 3104 2719 3242 ale qlun poure famequi soit thy enmeon
