3104 4140
1251 926 2105 1025 Iors les apostres sereteul
1258 993 2082 1081 Pisire poissans et glorieus
1304 1055 2144 1143 ul pas endoemy nestoiduit
1401 1108 2326 1200 rois uierger qui la estoient
1251 1156 2153 1244 Chil la ne dormoient noicent
1226 1221 2185 1304 enty out uerur i donch uent
1348 1278 2245 1366 en che uent descenrdydieux
1327 1331 2351 1421 ui est urais peres et urinasieux
1249 1389 2266 1465 Pluy dangles grant apaignir
1251 1442 2112 1524 Sen uint gnant etre marie
1244 1485 2277 1573 feuant le uiergene seit fil choisi
1249 1550 2310 1623 Pre chpier se uault encontre luoz
1394 1600 2199 1676 e uaulta genoin estendez
1297 1658 2243 1731 onte preste de mort atenar
1371 1708 2388 1789 disant uiaux fieux haux pere e
1237 1768 2268 1844 PPour uray uechy la tair mere
1247 1814 2165 1895 Etui poiz coy est moult resion
1244 1851 2425 1954 pien pert que ie sun le uostre anne
1263 1922 2317 2000 Quant contre mon tresprissement
1256 1971 2167 2049 Estee uenus chy en preselle
1224 2026 2114 2109 Pour mon ame pesconforter
1240 2081 2089 2162 Et de dens be gloueporter
1242 2134 2103 2217 Amon cuer gratut ꝯfort dõuos
1237 2180 2259 2272 E uous et uoi nous en soit loes
1412 2249 2160 2325 in sy la uiergent d misoit
1366 2297 2190 2387 A son filz qui ly respondoit
1249 2343 2105 2438 Iuere dist hi doulz ihũ crist
1336 2405 2105 2495 sun et ton pere et ton fili
1235 2401 1300 2484 I.
1288 2463 2156 2541 et iu es ma tresdoulce mere
1290 2516 2183 2601 ⁊ in portas ton filꝰ et ton pore
1235 2559 2254 2661 Suques ne pencl sẽme trouuer
1263 2631 2098 2711 lors con u ie uosisse engrer
1242 2686 2340 2762 Ioouz tant que Et siu ⁊te ienrouuan
1267 2725 2114 2812 Eet pour ytant my escousay
1297 2776 2349 2868 alle et cambre et dortoi mefuer
1366 2835 1990 2916 liement me Rechues
1228 2877 2204 2987 deton doulz loit tu malaitas
1283 2937 2038 3022 ⁊ me mouris et esleuas
1235 2939 1260 3010 O
1237 2987 2287 3107 Pour moy arfe souffert afrison
1221 3056 2162 3150 demans son ara querrerdon
1237 3111 2084 3206 Car amoy sarai courõmie
1242 3178 2181 3293 Dangles ferme et hõneree
