3104 4140
1463 662 1610 763 122
80 745 1408 850 ile sist sy grant folie conques y demoura
62 809 1382 908 rar liz faux seracour qui auoir le luida
80 841 1606 975 doir fane son souiait pour che que tant lama
82 913 1210 1021 une matince sen enfant ly enba
138 970 1387 1083 a ui saon cousin uiteuent le querqua
80 1018 1468 1140 Iatent dist pzerans qui mi bien ne pensa
69 1087 1208 1191 dcire cel enfant con ne le saiche
73 1140 1313 1262 laporte moy le cuer uon bour enaras
103 1186 1428 1315 ang re douray dauoir que I te souffira
85 1276 112 1357 A
149 1278 973 1366 chieus a Rescoudi car
994 1239 1569 1352 soit ꝯ uou̾s pairi
147 1311 1401 1435 est courus armer Rchement sadoba
105 1363 1601 1485 uin moult uon merant que sur sencolqrta
147 1432 1624 1536 a chainte lesppee sur uiz cheual geta mõta
103 1488 1472 1593 ors de rõme est uenuĩe ⁊ se sachemina
94 1540 1463 1658 del par deuers cast pmellemẽt sen ua
110 1600 1256 1713 he est une cqite que cobardie esta
103 1651 1550 1784 In lapielle plaisanche car sen non ly canga
87 1715 1612 1849 Quant heuris dengleterre le prist ⁊ coniuesta
170 1791 1589 1908 sares bien pour quoy cestuy noe ly dõna
105 1872 1546 1991 isy que uous ores quantly poins ensera
213 1941 1474 2042 guenzorentender goriens canchon
197 2005 1583 2099 n uares ist de rõme consist enpnoiron
119 2063 1392 2166 u enporte lenfant dout ie fay meisioit
96 2120 1442 2228 riurulpes estoit par dedens le gieron
126 2178 1306 2295 u ulanqt le Rome ale clere fathor
232 2231 1596 2350 neux sen ua courant a forche et abaudon
119 2288 1504 2405 dar deuels lobardie le pls et le troton
138 2352 1235 2465 agueudont conte uous aon
1355 2320 1799 2444 a che tereps
140 2398 1260 2525 toit castre assise entour et enuiron
119 2463 1265 2576 un fort roy sarain cloeuis ot anoy
329 2509 1495 2615 ppierde gaules le noblede Region
133 2571 1484 2674 tui est clamee franche le noble Rorn
135 2626 1477 2737 tyeuy rois cloeuis dont parle uous aon
131 2679 1509 2789 reoit a icel capͬs a polin et a mahon ¶
1608 2674 1967 2750 sues fu lire
85 2732 1942 2852 Pas ne fu batisies sycon lisant teoeuon Inot barbe ne q
80 2792 1530 2911 nouuenement et pris une dame dendn
1481 2856 1560 2946 nõ
101 2914 1753 3024 lhest le uellit cletaire que dieux faie prdon
105 2969 1790 3114 Rue uien rreoit en diene ameque presst s aon
