3104 4140
289 938 1589 1037 ⁊ montes ou palais auent se uarõme
283 1011 1440 1104 ly Roie heuris ale lettre desploie
225 1064 1652 1166 Et Regarde dedeni que poirt nese detri
292 1124 1654 1223 mesies le lut dout ly cuers u aigrie
223 1175 1456 1281 Ruãt Il aperciit de mandem̃t sume
197 1235 1707 1338 Aterre chiet pansmes ly poie glus dunefie
227 1290 1484 1386 ti qual se Relmua alaulte uois sestri
188 1347 1537 1451 y frans apostoles hons de grant seignourie
216 1414 1297 1492 a estoiche mefaine elame ladrechie
204 1458 1626 1554 Eu de sous les degres estoit la iua conchie
213 1520 1323 1607 ly elaine dame uous estes desuoie
167 1573 1576 1665 Pour le doulte de moy uoꝰ aues fait folie
253 1632 1734 1731 ar Ie uous ai de cuer sansi peuser felome
211 1688 1511 1766 ⁊uant autlpuies loñ ly cuera ly atemu
209 1743 1652 1826 du fusta dout ales Alua de lirue et pnne
184 1787 1716 1885 tuis quil parlast un mot dout le cheualerie
239 1844 1746 1945 in doient tout aplain que son corpe fust sans uie
239 1906 1711 1994 euril maine grant duel en une aultre gartu
264 1954 1709 2058 tly uoue apostoles moult teuremat larme
384 2021 1481 2104 furont uy baron en le sale pauer
285 2070 1663 2180 Dolant et courechiet en fait et enpensee
276 2134 1472 2242 ue lame le Rouir leurestoit escrpee
236 2182 1755 2311 t dieux che dist ly papes qui fesis mer beter
213 2240 1451 2348 Eescoulie me mir chain qui estoit oste lex
184 2306 1479 2401 Sy ⁊respriueemẽt par de dens me ꝯtrei
193 2362 1468 2456 In oult a este dy belli pourement ainsee
213 2415 1626 2520 fui sest par deuers moy sy faitement celee
216 2474 1603 2580 ar se trestous dy mous einst se mort iuree
105 2516 133 2605 ;
216 2536 1286 2628 ⁊ leinsse bien adrandy et tenser
299 2589 1502 2709 donche mechain mal en estes seurie
223 2587 283 2732 2
315 2651 1603 2766 qeuris ua plourant qui lauoit espouser
230 2702 1408 2822 e lettre ne lisy pourcor uurcaree
232 2753 464 2847 me cl
651 2773 1875 2895 etia le teuenr tout en haultdeisee
234 2819 1320 2911 oyque dy lettre fu oye et espout
216 2877 1610 2983 de trestons los uarons qui sont en lassa blee
172 2937 1705 3045 Pout yot pour elame mainte larme plouree
193 2992 1585 3100 q erris et rois authouce a le brache quarer
163 3045 1723 3169 Me noient telle do leur quil nost persone nee
209 3111 1829 3208 a r qui le uercte peinstestre pre Recorder
227 3169 1925 3277 e uien cent fois se pasmerent en une Raddoure
