3104 4140
1297 880 2715 975 Genuoies ache peuple amencier cellement
1323 936 2719 1028 Eue ne soies pepris neblameez nulement
1355 1002 1369 1081 d
1500 991 2630 1076 ie que Iay done en tou non liement
1300 1044 2457 1127 Dieux oy sa puerc asses hastiuement
1306 1101 2544 1177 Cazgant y eu̾roia ache cõmenchement
1309 1150 2549 1235 Santes arues capous claret et piement
1304 1202 2664 1290 Que tout en estoit plain en my le pauement
1334 1255 2786 1340 Et quant sy quens le uirent se dient haultement
1302 1306 2786 1409 Fort a ly archeuesque que pour ses brens noꝰ prent
1302 1382 2464 1458 Car aporter se fet amendier de noieire
1433 1428 2671 1522 y queu sont esbalpit᷑ ⁊iascũs se saignoit
1440 1481 2719 1580 dont syfaite uiande ulenques leur uenoit
1348 1547 2542 1626 dout ly arche uesque uistement apeloit
1364 1591 2390 1678 ⁊ gentie cappolai que ulasmelyauoit
1332 1642 2531 1738 ie damoisel martin ⁊ puis se ln sisoit
1325 1706 2609 1803 Pouã me discex dist il que uiande fauroit
1313 1750 1408 1819 Et
1421 1766 2894 1865 dont uieuent tel bions con porte chyendroit
1281 1814 2466 1908 Et dist le capelann folz est qui le diroe
1408 1874 2862 1968 ne scay dont che uient fois que taire on se doit
1274 1920 2733 2028 Par seu cist larcheuesque ar folie seroit
1281 1984 2781 2076 Etui sur no aumõnier de nulle Reulparloit
1277 2037 2795 2127 Car chest le plus preudons qui auenquer̃mysoit
1283 2090 2832 2180 Far dieu deige pout ly qui hault siet et tout uoit
1288 2145 2643 2221 Adout ly rois heuris a defrant ly de mansoit
1288 2201 2669 2281 De quan chest qui parole et ly prelas disoit
1293 2251 2491 2334 EEt le fait de martui adonques ln contoit
1306 2306 2643 2389 e fait et lauenture ⁊ ꝯment se mainenoit
1279 2359 2712 2465 Aches auos lenfes urisses par le palaia pasoit
1272 2421 2537 2518 Sen coffin a sen idl que tout a des. portoit
1373 2490 2627 2573 fu le brac se mere que uoient ne Rancoit
1309 2502 1352 2573 a
1286 2530 2611 2633 heury le pegarda que moult semeruiloit
1281 2594 2526 2697 De che que le coffin a son geron portoit
1302 2656 2337 2757 a brisse a ceue de la ou e̾ le uoit
1281 2716 2839 2815 let i dit que uoue plest qs  pourledulẽ on croit
1263 2778 2662 2868 Damoisaus derõnarre editel moy par uefoit
1279 2840 2611 2916 tue chest en che coffin celer ou ne lerdoit
1263 2907 2657 2973 Car laudil le porteel par cault ⁊ t par froit
1247 2944 2464 3029 Et quant urisses lon en pant il disoi
1242 2987 2512 3077 Qqre mestier namn de saudirqui che doit
1260 3038 2703 3125 dout harcheuesquis haulteneent li crioit
1240 3093 2733 3185 Srg rois chist ung brach qui porte la endroit
1398 3157 2625 3293 qe dist uy archeisqui ali brache quarie
