3104 4140
1576 756 1707 869 223
220 850 1599 970 Inont ioir lauons quer mes na poous trouuer
234 908 1723 1025 Argour nous faule par force gious coument retourer
243 965 1642 1069 Rirant il enrent disus en leure uorent monter
271 1000 1762 1129 y sains homs et grant ioie quant les ueregoirael
236 1060 1557 1170 Baeu peuse qui ne sera plus qͥma ne aeapirtes
301 1108 1564 1235 rant uint au aronstier les limaige apouer
262 1163 1596 1285 aores grant meruille ⁊ ꝓbun de graulente
303 1223 1415 1345 ne seurent a dire quil estait deuenns
278 1265 1649 1403 dont fu ln grant doeul des parens maitouus
220 1336 1530 1437 Dour lensant a legois que su tout ediei fi
301 1384 1507 1506 alexis estoit deuant le same ymago
276 1439 1555 1540 dien lerer auoit sy uien mis son coraig
294 1474 1730 1616 ue lorgnel de chi monde ne prisoit unflõmaise
423 1540 1548 1662 us Rechut il mort dedem sen yretaige
319 1598 1389 1718 esoil laechite eut bien xoii ans
276 1637 1672 1777 mi ꝓoures et descauho souiẽt gisoitris campo
354 1695 1698 1839 dessoulz les escauho auent poures enfans
312 1757 1488 1895 t se nest oit Il gas par naature truan
283 1842 1219 1941 dar les poii ans futpar le ꝯti
234 1869 1543 1987 ie fist sy froit yuer de uent ne de gelie
333 1950 1035 2044 ien let uausistgeser se
1044 1927 1389 2023 char estoit d
301 1968 1541 2104 iul sambloit con leust iete hors teleree
296 1996 1824 2159 neux sambloit mors que uif cae cascune uesprie
283 2070 1822 2210 oilloit maetui Iusquee atant que matius sõnoient
285 2143 1806 2279 ⁊ priestree a le porte det du moustier ne nõmoiẽt
225 2224 1629 2325 gounetfois cpaperart et laron le clamoiert
246 2267 1944 2389 Il ne loi dsrcca disoit Riens fors que pequi et faisoidet
243 2332 1810 2449 quoult sounẽt fe des poures lesdengus et batus
262 2392 1769 2507 ues tout quoy se taisoient guie silfiest tous nus
246 2461 1511 2555 ql ne se laisoil pas en parler crap ag
294 2493 1755 2619 une mais mot ne pot de se bourhe yestrenssue
308 2566 1589 2672 ins auoit son cuer ms en le uierge mor
296 2603 1688 2730 ꝓuant son sait yuarge estoit iusqua coqlu
296 2672 1661 2776 seruoit le moustier lors pourcachoit sa un
303 2730 1725 2831 ant que uint une fois que laube fu esclorie
296 2785 1693 2893 nꝯ psur clere passoit deuant le saint ymaige
232 2856 264 2932 4
292 2845 1693 2944 dour alumer les lamRos sy quil auoit lusaige
296 2916 1470 2999 ostre dame ly dist amy fan moy messais
308 2939 1893 3068 qiens Re pane unge hona con doilt teuir pouesaige
250 3026 1274 3139 Ila xouai aus en ceste uille este
