3104 4140
1304 1064 2524 1147 Ogaiant leuuoia que goe doit lirete
1373 1120 2655 1198 ont sen estat ly a ly quẽs morans mande
1304 1168 2678 1253 Comment ale loy dieu Il sestoit a tourncs
1421 1223 2719 1317 que tous ses Pais qas sestoit Regenerel
1405 1281 2742 1373 quil laisse ser mahon sait Ihũcrist aoure
1389 1338 2655 1421 a le lon d dieu ait sen sorps ataurne
1369 1398 2558 1474 messaiges son ua et atant chemine
1295 1437 2494 1524 Eeuale q tour ogaiant est aprout areste
1302 1490 2733 1589 Mrs siachies quil estoit songuensement cgard
1309 1557 2503 1637 Car ly gaiant sauoit toute le uerite
1286 1609 2505 1701 ¶ue iaa dins auoit mahõmet a dosse
1274 1665 2494 1761 S en auoit le uarue ⁊ le grton qure
1288 1718 2627 1816 Qeue geuais nenteroit dedens se fruete
1295 1775 2462 1876 qis sy le guerriroit et yuer et este
1288 1823 2634 1929 Fant quil aroit sen corps ⁊ pris et acraper̾
1309 1904 1357 2030 E
1417 1888 2533 1982 se tenir le pult Il seia desmeubree
1410 1945 2588 2028 de grais as chaix ainsy la empeuse
1369 1996 2641 2090 ngaians de put aire fist sen casttel frumer
1380 2053 2770 2141 Shest le tour au gaiant sy le uault on nõmer
1316 2109 2786 2198 nauoit plaiclte sy forte de cha ne de la lamẽr
1293 2159 2574 2254 De forches de R̾medei le uault amrõuer
1258 2217 2567 2295 prques de nul coste on ny pouoit entrer
1288 2281 2542 2357 Que in hõmes de frout ny proient aler
1295 2327 2666 2417 s une lieue entour pou uray le puis conter
1290 2375 2908 2467 Puroit le marestucage q̃ mat faita douster
1332 2438 2521 2534 ge nest a ung coste fa se uault amasser
2687 2426 2885 2488 brisser
2664 2474 2867 2562 tãt fai
1306 2495 2590 2582 Heuris ly rois engloie ⁊ authoine le ber
1306 2548 2841 2638 Et le coute morãt que dieu uault moult amor
1295 2605 2581 2693 Iui o gaiant et fruit un messagier aler
1274 2654 2754 2757 Pour scauoit sen estat son cuer et sen penser
1304 2716 2745 2806 Et ly uous messagiers se uault sy fort haster
1286 2766 2942 2854 uil uint tout droit as baillee la se uault arestir
1283 2817 2705 2916 rnã Sarmos ytrouua pour le poril gdirdr
1306 2879 2579 2962 ce gaiant demais a et on ly ua mẽner
1286 2932 2761 3024 Et tlpeux par deuant lun ses Iantost euclineiz
1488 2994 2793 3088 a dit chiers sires a uous me fault parler
1313 3056 2537 3148 y contes mara diu set fais Regenerer
1343 3118 2556 3206 our sen paut a fait uaptisier et leuer
1272 3164 2593 3270 Par u Rois dengliterre la uolut ꝯqueser
1277 3226 2719 3302 Or uous mande mes srres moraduiee uacler
1272 3286 2970 3420 Eue uous uenes a luy on my ceu camps parler
