3104 4140
1447 552 1557 625 71
112 634 1514 745 par quo de uostre mere saneray le pensec
121 701 1447 800 dõ nele moy a lamne sans nule demorer
128 763 1327 850 entendant ly feran par parole sekrer
117 814 1350 931 Que Ie uoray de ly faire mon esponser
220 864 1663 988 ha cist ly pois auclioires alcenrn le pranichier
211 929 1642 1039 dõurs moy uostre mere cout amen desaier
211 993 1629 1099 be troeuue loial ie le prenderay amoulier
149 1058 1449 1168 elyray mainteuant iurer et faanchier
133 1104 1635 1239 Er puis uoruy uers le tellement pourcachier
128 1179 1435 1308 De my ne. se pora nulement sy gaitier
170 1228 1640 1366 ue ie ne faiche hien trestout le sienaudier
126 1306 1497 1442 dist le roy dengleterre chie fait aottroier
273 1377 1635 1506 ie le uous acorde par dien le droitarier
179 1444 1532 1580 e conte declochostre en prent a araimur
144 1506 1474 1642 lles dist il che roy le rõmre en seigner
151 1596 1283 1706 D le laissies aly parler et louseillur
158 1653 1661 1768 Et le conte Respont cle fait ne uoeul laisfier
140 1734 1617 1839 dont enmeua le Roy tout seul sans escuier
204 1814 1601 1925 essy iusqua le cour ne uanrent a targier
149 1856 163 1920 e
230 1883 1787 1994 y contesde clochestre uault le tour deffeumier
218 1957 1859 2060 Et ly uous rus anthome uault qar dedententrer
384 2012 1509 2116 poit le aomne sel prent a aparler
133 2070 1684 2194 Et dist dame ihũs uoelle uo corps sauuer
149 2148 1622 2274 Poen uemes dist le dame a dont se ua lener
135 2212 1435 2346 Et hyaois lyadit dame laisies ester
186 2290 1560 2415 euous dy q̃ ie uinc du roy heury parler
154 2366 1626 2481 Et a luy ay tant fait quil se uoeult acorder
135 2442 1583 2562 ache que Ie uous air amoullier et aper
135 2511 1769 2628 Siques se ⁊ uous plaist le mien corps espousez
135 2594 1603 2702 olentier uous feroie en monpais mener
131 2656 1594 2778 Dedens constentinoble qui tant fait aloer
156 2741 1642 2863 ous aourocton a raine souueraine clanr
140 2803 1829 2930 De uous pay quil uout plaise de che fairacorder
170 2909 1808 3045 ar scachiel que ray tuir de uouri oy ps parler
