3104 4140
1461 745 2687 850 lar par uuy sinhe mors ⁊ ales a declin
1415 830 2834 940 Et chil lont acorde qui furent sy mefquini
1564 908 2742 995 arayin et paiens lefelen lozengier
1421 959 2993 1067 Ouout ly fort Roy baitor uistement despoullier
1389 1035 3014 1163 Pus ly ont trait du corps le fer qui fu dachier
1421 1094 3009 1246 Roult hideux sen ieta quant che uint ausaquier
1424 1179 2676 1313 Iy ame se party et ly sel auersuer
1408 1258 3002 1407 quporteret pret brieument deoitement en infer
1394 1345 3028 1474 Paien uraient et crient ⁊ font un doel ꝑleme
1398 1414 3046 1559 Mes heury dengle terre les uint sy Resuillier
1392 1515 2883 1632 Cuil a fait lestandart a terre trebusquier
1385 1586 2749 1711 Cpout not asarazui a dont que courechur
1396 1649 2657 1787 Car il ne scauoit muile part paler
1527 1745 2722 1846 on les assaloit ⁊ deuant et deuer
1401 1819 2712 1925 Ia ueissies bataille et un estour sy suer
1375 1902 2662 2003 Tant farazin morir atorre trebuschier
1518 1971 2924 2079 ferirpar ches camps tant au ferant destrier
1394 2063 2975 2175 Pui ne uout remenant sergant ne chrualier
1378 2152 2703 2267 La oiston maint cor soner ⁊ graloier
1362 2240 2724 2346 arazm Regretoient mahon ue lozengier
1396 2327 2758 2426 Restandart gist aterre en my le sablõmer
1380 2389 2830 2518 N le garde liuuris cõml puiit Redrechur
1357 2488 2503 2585 Lapanor a occis et huter heretier
1396 2562 2678 2670 Ma labron ⁊ abel et lour frere brulier
1375 2635 2779 2750 u uigor ne teroient iamais iour un demer
1385 2695 2993 2840 Ie sy Rois ma lacpuis que dieux donst ecc encõbuez
1359 2762 2669 2900 Car ly rois lencoutra diles un olimer
1362 2847 2731 2960 Qluy furrie de turs iusqua uxx milier
1431 2916 2307 2999 ia le stan dart uolont par⁊
2326 2930 2869 3033 forche calengur
1375 2989 3016 3121 Mes heuris denglitelre leur scent bien detrii or
2393 3436 3046 3594 Our lanche demant
