3104 4140
108 883 220 952 ge
241 821 1472 942 tux conquesterent le moutede i aux
89 876 1580 1011 ar fort Ie desfendy adont ly peuples faux
101 938 1606 1060 out pas ne le bieuril Ioiaus ne lies ne baryo
98 998 1401 1108 uissi ne le anthomes by rois espechiaux
124 1053 1479 1173 e ly bers amoris qui moult yot demaux
110 1090 1640 1235 ar puis se fist le uer coulre mout les muriant
96 1159 1456 1304 in sy que uous ores ains quescouse se laux
96 1230 1297 1352 ixelle poumer fu grans ly enmaux
96 1265 1396 1407 par enuie couroit en air ly uine canch
112 1403 131 1474 ¶
147 1331 1566 1469 baron ny lourhirent le ualeur de derpo aipo
167 1405 1171 1515 euant Irlin le chite agensae
184 1451 1479 1568 urent restieuut gent que Ihũs bendie
149 1520 1221 1628 lant le chiee Iusqua le nnt seru
117 1559 1520 1697 res il ny ont mesfait le moute duue orti
119 1614 1638 1754 leurs ⁊res sont retrait faiant chiere esmarie
112 1685 1774 1823 dour le Roy coustant out forment lechiere prie
105 1759 1362 1883 Lui fu a escalon le forte uilli authie
124 1803 1592 1961 es ly uoulgois estoit aplaisanche saunẽ
112 1872 1550 2003 espluis belle Rome quadouques fast enme
98 1922 1564 2058 u souuent se sedue priant nel sauoit mie
94 1980 1592 2113 mais par raue le sera quelque mis hourendu
105 2056 1283 2166 Iug iour estoit issus ose uacheleru
110 2143 471 2203 duaue de
685 2116 1382 2194 utt bamere desploir
117 2141 1642 2267 t plaisancie le belle ut Ie uous seuefu
112 2210 1539 2320 Nanda ly roy coustant en se camore Ioll
126 2249 1686 2380 oier mener beur ddint et leur grant Reuerie
119 2311 1477 2444 Nes on les aperchut en le cambri pisie
124 2359 1495 2497 ugfeion sarazin qui fu de la gace liguie
126 2398 1624 2559 priant descalon que ly corps dieu mandie
138 2493 1205 2608 ⁊ quant ly saraqui ale cose coisie
149 2543 1343 2670 ox et puellement a le chite uiie
154 2631 1083 2711 ens irlm a se uoie acuellir
190 2658 1682 2783 rois nestoit point lonc nee lieue ne denue
188 2720 1502 2833 tos qui le Rouna enle la de en hermie
345 2783 1362 2884 enus aluy ⁊ torment sumelie
186 2824 1612 2946 Aans ly adit roil te fame est bien hõme
140 2877 1741 3001 et fait grant blasme a toy et cheux de te partu
154 2937 1633 3058 uant aung Roy crestien que tas en te uailli
149 2999 1240 3121 deliure son corps et oluy est auni
133 3042 1585 3206 luns damea coy ne fist sy grande uilõnn
