3104 4140
1389 646 2666 777 Oy aray les ensans et me sele au uio cler
1387 719 2705 825 Et ioir ⁊he dist dist heuris qui tant fait adoullor
1378 765 2827 880 Cant que nous dee arous ne quier mais Regourner
1405 811 2682 915 Cast amoris descoche pas ne uoeul Resuser
1392 860 2680 952 aus yray auent uous tant que poray durir
1373 910 2657 1000 Nout uouc alermitage sains felis Remener
2802 873 2834 952 ‸
1548 970 2719 1048 sont U uoble roy gout droit alermitaige
1527 1018 2774 1108 u saurs selis leul dist moult gracieux lindae
1428 1058 2604 1152 et quus sont rerourin aebeur Ricde barnaig
1389 1108 3011 1223 sendemam ait matin ny out fait ariestargẽ Ilibarõ de pari
2662 1097 2745 1161 Sx
2855 1081 2968 1156 oͬ y si
1417 1166 2560 1246 sont entre en mer auuis se mirent auaig
1382 1225 2510 1292 O uoloir damegien qui roua fist assañaige
1408 1262 2751 1347 õmanderent ueut corps a chiaux de leur uoiai
1401 1311 2715 1403 aut ale rent parmer che tesmoigne ly saige
1382 1352 2600 1451 Ruon liaue de gierõde lermiere saguant
1392 1409 2517 1490 Entrerent ly baronqui furont sans ẜuinge
1371 1462 2733 1547 ue chite coisirent qui fu et grant et large
1380 1515 2830 1589 lault enfurent ly mur et faitde ban onnraige
1585 1568 2579 1646 chitrot non uourdimx en urtaid
1357 1621 2627 1708 yn roy auoit dedenaqui fu de iosue rage
1371 1674 2646 1761 o buastreot a non moult sudegrant coraie
1387 1734 2491 1814 Doint ne creoit en dieu ne in symaige
1389 1784 2717 1876 edens Sourdiaux estoit ens ou plus mant
2731 1807 2949 1920 estaige
1458 1895 2606 1984 poit tendre ches tres contre ual le parng
1394 1954 2342 2035 hil en apelaqui fu de sen parag
1366 1998 2738 2093 praun mel che dist ly rois decs a che auaige
1373 2058 2731 2148 aeitisiches bameres ⁊tantes Riches targes
1380 2120 2685 2205 duche o re listien qui cassent no damaie
1389 2175 2802 2263 Iu che sont farasin qui que doruent trieuange
1375 2226 2579 2309 ue che distabel moult aues fol coraigi
1378 2281 2947 2366 he ne sont mie gent qui uoeullent nul hansaige
1371 2329 2901 2424 achier sur uostre corpsz ne chil de uostre bimuaige
1348 2387 2632 2481 Du seroient ly gent ne en quel heritais
1329 2428 2793 2541 fui uo poinst faire un seuldemer damaige
1550 2495 2857 2622 scay dist robastre Roy que doy mon uisaige
1564 2555 2572 2649 deisoient ly doy paien sauuait
1316 2601 2708 2716 Et ly Doy roy poissant onit pris leur oste laige
1313 2654 2602 2773 Isses gres de bourdiaux sont le Rauere larg
1537 2720 2745 2826 dut ly noble roy dont ie fay mension
1447 2764 3005 2888 logiet deuant uourdiaux fout leuece le chitede R
1380 2831 2583 2923 roir heurin parla que cuerot d non
1364 2877 2535 2969 ⁊ dist alsailte uois racuy quil baron
1366 2923 2896 3079 ui porrast men mesaiger en le uilleaibandon
