3104 4140
133 846 1560 968 cly rois uy Resppont dyes con uous dira
96 917 1603 1028 ynes eny ama court. lar ly amen corps uora
266 968 1778 1083 ui Mader a uout qzans uiens uous en uerda
181 1023 1734 1140 ame che dist ly roir Il uous coument uemis
181 1071 1695 1207 lassus ens el me court et men paiais ueir
94 1127 1583 1281 ore le fist a desker quil ne se uault ppartir
98 1193 1481 1336 ant quil a fait elame des saraiuis saisir
110 1258 1557 1386 Ie didu que la roie en ieta maiit soupir
1233 1322 1672 1423 fort achemir
103 1334 1201 1472 t plaisanche le belle en prist
110 1382 1557 1524 e dame fu dolente en ly net quesiuirir
1465 1442 1511 1529 2
103 1455 1187 1586 firant le goy su lissule le damo
1629 1426 1962 1575 IG. uoꝰ prii
98 1492 1527 1651 Et puis li raisonna uellement pal loisir
1836 1591 1928 1741 3o2
108 1527 1925 1718 damne che dist ly rois chy uous ay fait uenir ueullies
121 1603 1780 1768 dour amourque me fait de sel dure maux seper
108 1678 1737 1823 ouques plus Seble faine Ie uoul dy sanẽ utentir
105 1741 1790 1872 Ie uy de mes deux yeux Iien me deues souffir
257 1814 1769 1920 e uous ay couuent de uon cuer sand mxnir
101 1865 1698 1984 fue Ia pour nuble Rieus ne uous uoran laissir
110 1934 1532 2049 pire dist laroine che ne puet a duruur
119 1994 1629 2095 ⁊ar ainchois me lauay dedens un feu orint
101 2040 1622 2164 eue ly mien corpe dengnast le uostre lon teuir
103 2093 1629 2210 le gouchsier auene uous me une unt deomir
110 2152 1596 2265 aisars ent le parler ne mypuis assentir
124 2210 1585 2327 dont pour le sien cerps faire plus enhair
115 2272 1454 2387 y a moustre sẽ brac sy con le pot uar
112 2325 1686 2447 Nes onques ⁊ ais quztaux ne sei pent de partir
115 2385 1454 2500 Qua diẽs ne ly alast sen amour Bouirir
207 2438 1566 2553 oult en ama ly drois le rouie adrechi
269 2493 1663 2622 ne se pot cenir de samour ne lyprie
131 2587 1447 2686 les elame un dist sires ny penses mue
124 2635 1668 2743 ar uous soigs certama uous Ienses a folu
112 2711 1281 2785 ameroie meus que Ie fuesse bruit
184 2748 1645 2863 epar de dona un feit et afoase et esseilli
142 2826 1585 2918 qua l̃me de uo qõt uoy qe me susseotrie
174 2884 1387 2980 elle che dist ly rois ne mescapes mre
138 2932 1610 3047 ant quaray fait de uoul conte mecõmandie
140 3001 1251 3102 dout la fait en se camore uantie
112 3054 1502 3210 la le fist enfrumet seule sans cõpaigne
