3104 4140
296 770 1787 917 lassus sera uostre ame deuant dieu courõnee
469 855 1454 961 il uoele a ler en estraigne ꝯtrer
340 901 1564 1016 uant elle bentendy efrant cheypasinee
280 975 1320 1064 Iilexis le leua puis ly adit ainsy
361 1011 1769 1117 ur laissies moy aler pouramoir Ie uous porie
292 1071 1592 1179 la pucelle courtoise en ꝓlourant rospondy
310 1129 1428 1225 ame alei a dieu adis quil est ainst
285 1177 1741 1271 uais grant peclpẽt feres car dole trouamerẽ
292 1239 1633 1327 Menra demai muatin uo pore et uoinere
386 1290 1518 1375 dieux le ioie sier tournera amisere
317 1338 1210 1423 Ilepie tout bas a uois clire ly
306 1354 1946 1472 Nia seitt dest Ie nen pma mes dieu uoꝰ ueullegarder
271 1432 1553 1524 Eptre dist la pacelle carmen laissieet aler
303 1488 326 1568 6
331 1488 1797 1575 pm uous plost auene uoua uoray mon corpa lasser
303 1545 1509 1623 se ia ne quier auous caruillemẽt adeser
363 1591 1778 1678 endre feran aes trenches sire sil uous est uon
271 1646 322 1782 3
335 1651 1693 1724 dont ure amour prendras lescherpe ⁊ bourdon
308 1706 1594 1787 Ios dras uous laieray quant en sera saison
308 1757 1442 1839 exise Respondy tout basses en bas so
331 1789 1787 1899 ia seiir uous demoureez pour uostre hõueurgarder
411 1851 1707 1943 uolray pournoꝰ deux le penanche endlorer
312 1883 1785 2000 Iqũerist uous dauist glasse de uostre ame sauuer
338 1957 1741 2060 ora issy de se cambre plus ne uolt demourer
312 2014 1562 2113 Iu droit ler os cantant a son ordre guerpie
296 2074 1734 2166 Son chier pere et sa merene le scaueient mie
303 2134 1608 2224 ⁊en cuidoient quil fust couchie de les saune
312 2191 1580 2277 mais tront esra lensant en ycelle mutr
388 2226 1771 2343 na un port de mer uiur hastiuement couraiet
335 2302 1419 2398 le trouuacone nef on aloit ꝓprestant
361 2343 1603 2442 nfant fist son marquiet ⁊parigaantauat
381 2405 1612 2497 na le nef desenora le cuir ot moult pions
384 2461 1601 2557 ai grant desir auoit deslongierse contree
384 2509 1783 2619 nant che uint lendemain que laube fusterenri
372 2578 1495 2672 ⁊ more alexis est en le aomlie entre
361 2624 1629 2725 la pucerle Croune que moult fu esplouree
368 2672 1751 2785 ir sier ot grant dostresse ⁊ moult se Ropentos
388 2748 1546 2835 ue augit son seguent alee non estoit
349 2803 1589 2891 la dame sy deurande ꝯmẽt la chose aloit
342 2856 1569 2964 lors sy dist la pucheller ꝯment il enestoit
501 2895 1847 2996 uant la dame encedy que sou erfantsen ua
372 2946 1801 3091 Alu cuer ot cel destrisse quaterre si pasma
