3104 4140
202 855 1401 977 papre le Rregarde se le nust a Raison
110 924 1191 1021 moniot. uenelame a be chere Lac
262 975 1300 1069 estoit se neche de son estraction
105 1018 1539 1159 Nes quant ly apostoles aperchut ue mõgnon
179 1092 1323 1198 lane ly en uine une lamentation
186 1138 1606 1258 grant doel otau guer ly rapes de Renon
177 1198 1463 1322 ne ly yaue iy fille cont aual le fachon
163 1237 1776 1386 ar le mam qstelame que dieur faiche ppardon
1217 1304 1516 1377 oaust ara
204 1370 248 1458 X
262 1327 1072 1439 uous papes clment i
181 1357 1635 1504 ile ꝯloriense elame ua par le mani cõbrer
299 1423 1279 1561 paais lala ymellemet puen
959 1421 1592 1552 uy qlus auant aler
200 1501 890 1612 dist que il ne quiert
197 1483 1889 1681 ur lamour de se meche dont ly uault Ramebrer
165 1600 1155 1724 lamele courcoise aius a ap
105 1614 1527 1791 dame dont estes uous ne le deuescelez
140 1667 1606 1846 ainsperes dist elame qui moult fait aloir
1334 1793 1380 1849 A
172 1708 1803 1906 ouro droit acourame che scachies sanꝰ deulter
158 1856 623 1959 endroit sus
669 1851 743 1913 u
736 1826 1046 1971 prane &
1063 1787 1797 1959 aist le mien corps por̃t
161 1929 566 2017 mere qne
418 1982 644 2053 laposi
766 1948 994 2033 equi
1035 1888 1599 2014 odul fist couper
170 2033 660 2122 usenronr celle
671 1980 1649 2086 main moult en fist a blamer
803 2042 1631 2132 uer un ues ualut passer
161 2097 377 2180 Mds
418 2081 743 2148 la Rome
156 2088 1849 2228 uur de reux y Romray que dieue puist clauẽter
200 2157 1645 2279 a uoloiut mon corpe houuir et uioler
280 2226 1663 2336 ene le uant mie souffrir ne endurer
241 2260 1801 2398 ous eret une espee cel cop men uault dõuer
142 2323 1792 2461 Rue le brac me trencha dout pau lerdoy amer
142 2389 1553 2507 dout comenchan la haultanem a cier
982 2449 1960 2530 uint iore de le mains luiri
177 2507 213 2576 n
225 2472 754 2566 cheualier me
172 2500 1661 2628 neux dist in apostoles or puis uien espalrer
165 2601 352 2674 quece
448 2564 1698 2651 nest mue che que cindoir trouuer
202 2612 1725 2720 che felle uaux me sariee uous parler
216 2672 1762 2773 uue moult ceigi dame qui fait moultalo. z
140 2725 1548 2847 lame laperoii che scachus sans fausser
149 2783 1663 2895 Et se nacune main pour uray lepaus q̃ter
400 2838 1776 2962 st de men lignaige et se ledoyamer
363 2902 1645 3024 Ie ce pouoit en nupuis cronner
356 2964 1610 3095 erou querbe quon aiil deis coustir
105 3029 1778 3199 cama peres dist le dance ieu ay oy parler
