3104 4140
1256 708 2634 795 Qua uous nen seroit ia nouuelle regehie
1254 763 2705 853 Pray maisement E le pardon uous en prie
1256 823 2512 903 Erair absolusion pdien le fil marie
1256 871 2802 963 Quant le pape lentent adont pleure et larmie
1265 922 2432 1011 d fist benaichon toute le cõpaignie
1258 979 2581 1062 Et plain pardon oussy bonnement len otrie
1247 1035 2498 1117 Dont se party ly rois baiere desploiee
1251 1087 2567 1168 Euuers les pars sen ua aueuc se baromne
1256 1136 2662 1228 ia en scauoit pouuelle Roy butor de hongnere
1272 1189 2749 1294 Il a fait adouber chelle gent paiert paienme
1270 1251 2508 1352 la ot mainte bataille ordeure ⁊ Rengie
1256 1294 2643 1416 Iuainte trompe darain ⁊ su clir qour bñdie
1254 1359 2547 1472 Et crestienne gent cõmenchent lestõme
1265 1412 2551 1534 la su teller bataille ⁊ faite et cõmenchie
1240 1455 2733 1609 Dont maint hous adoleur pardy et corpoẽt uies
1366 1527 2595 1651 euant rõme le gerant le chite houueree
1279 1589 2579 1724 ffu grande le bataille ⁊ fiere le mellee
1249 1632 2650 1777 dieux que ly pois esuee. heuris a se forche a
1251 1701 2521 1844 Contre le roy buter et se geut deffare
1242 1750 2609 1890 Qutors portoit lupars en se targe doree
1244 1819 2657 1954 Puis le conquist heuris ale chiere memeree
1249 1883 2402 2010 Et se les enquerqua par telle destinee
1237 1920 2537 2067 Quenquore tout ly oir doualeterre le loee
1242 1994 2593 2113 Out armes alu ppars chust uien cose aueree
1244 2058 2505 2178 Susy le nous temoigne le matire loce
1267 2118 2519 2256 Ie batulle fu grande et fiere lacmellee
1237 2185 2409 2309 Ouques celle nefi en leure recordee
1244 2242 2413 2362 Selle iol millirrs gisoent en la pree
1247 2297 2804 2419 sue pauais ne ueurout leur moullier espousee
1258 2389 1288 2477 I
1348 2357 2581 2474 rois heuris y fiert faisans fiere dourter
1244 2421 2406 2534 Na cõsieut sarasin de lauclie ne desper
1242 2467 2551 2610 Que brasment ne lyalame du corps seiree
1251 2539 2356 2651 lapostole estoit en unt tour quaree
1247 2571 2643 2720 Regarde lebãngles qui font fiere assamblee
1242 2628 2791 2771 Et by le bous roy hemy en qui forclie est prouuee
1244 2686 2735 2840 Quant reccarde lymace que lescut est pluntee
1249 2764 2535 2893 ai dont est plus harlis que lious en rannee
1247 2822 2459 2946 Et disoit douche gent courtoise e tainsee
1244 2888 2416 3019 Cer penses daquitier afer et alesppet
1265 2950 2567 3088 Iae Rrenage qui est sy grans en me coutree
