3104 4140
158 919 1426 1035 ar deuant lapostole con apele chimen
241 977 1509 1092 uoua le sinacour qui tant ot dessient
165 1035 1428 1143 ne on palais se bstaporter esrãment
158 1131 184 1219 p
209 1097 1180 1193 toie enclum asses courtoisꝑment
197 1138 1258 1267 stans ly a dit ase uois cle rement
128 1184 1417 1322 Re che cist ꝯssans nie me celes noient
292 1281 814 1368 une poume d
980 1232 1401 1336 menne gent
1539 1281 1592 1338 i
128 1297 1281 1437 duce plaisanche a non que tantalei
1359 1265 1491 1405 pens
119 1347 1364 1494 in fu uossre cõmere o uous fa lorgner
140 1386 1617 1552 ⁊ que dement en enfes uauys sires di teyment
243 1460 1495 1605 ist le siatoier ie ne scay uraiuent
174 1520 1428 1658 entel fu poedus mes ie ue scay cõment
181 1566 1550 1724 les  les le roue embles ureuisement
163 1623 1548 1780 ar foy che dist coustans y aperchoy clerement
190 1752 308 1846 cliii
628 1678 1546 1823 ens mon corps uien Iy entent
1288 1747 1504 1826 ulent
156 1777 1099 1895 aome en amasses qui de bramt
253 1812 1408 1961 esastes morir uo moullier atoirment
319 1883 1426 2019 l le rome se fesistes faussement
156 1927 1491 2074 longier et emblez  our faire acointement
197 1998 1477 2118 pour auoir le dame a uo cõmandement
193 2040 1682 2168 uous mech sus de fait contau cõmenchement
128 2125 1017 2201 Rueuon estes mourdreres
1099 2083 1790 2194 le ueulismelbement
138 2152 1323 2254 rouuer incontenent ꝯ̃tre un uoste ꝓa
1327 2152 1339 2210 e
177 2187 1371 2304 on cainpronqquaielt four uostre aogent
460 2235 1410 2350 u aueus Iorroie plamement
421 2297 1293 2396 Aierdus et enerois e uent
135 2380 545 2465 Quant lot ue
582 2332 1695 2442 megour  uainsfudes mantalent
156 2401 1373 2509 saqua un contil les et stismelement
144 2458 1095 2553 astant le retal esragument
135 2518 1456 2599 u deust consieuy Ie uous su uraiement
124 2578 1283 2665 Et uy comiaux passa ⁊ Ilma talent
117 2624 1325 2718 yquil en consui le maitre cambrelen
128 2672 1392 2776 postole Eex cie qui cautat deusient
131 2730 1417 2826 que le mer ly feidy et le sie enfemens
151 2760 1576 2877 ⁊ por deuant leppape ateriemort lestent
124 2815 1507 2923 dout fu pris et saisil asses eps uilamemẽt
126 2868 1573 2973 des sergans lapostole et de toute se gent
138 2923 1435 3026 de papte sen tournaqu le cuerotdelent
151 2985 1417 3075 e cdumndra ꝯfruche de celuy qugemeit
253 3024 1438 3125 uour se le serie einscle sienpaientent
1465 3019 1700 3139 ^certer
128 3077 1419 3164 dorre de ⁊ aietpprison car selos mulgment
144 3132 1023 3201 eiuge lopir a mort be lerta
133 3148 1725 3288 e grant clergut de rõme prirent lei parde met
1527 809 1677 938 149
