3104 4140
312 662 1585 791 Dont ly dist une uois Ihũs menuoie cha
317 747 1838 848 Dienx te mande par moy que otroier te faura
85 795 1810 931 scachies fui riche roy auchoueiz tout chie qui luy plaira
322 841 1778 975 Mes. scastes bien de ly que ia ne acomplira
333 913 1578 1030 Se pure uolente car dieux ne ly laira
322 952 1737 1097 Quant ly papen lentent Ihũs en merchia
326 1014 1914 1156 Quant ly messe fu dite ly rois authomes uint la
340 1085 1732 1223 Qui lya dit sains peres Raler me couuera
379 1131 1843 1278 enet moy conuenẽt clis huy mes tamps en sera
326 1196 1921 1345 piaux fieux dist ly sains peres saurs cõmont il ua
333 1269 1698 1400 Ie uous donne legrache telle con uous dira
356 1340 1587 1474 De uofille espouser ou tant de biante a
365 1398 1691 1534 et de tout le pequiet que descendre ipora
418 1458 1606 1603 pardon uous otroy adonques le seigna
340 1513 1771 1681 li rois en apris lietres que pouit nesetarga
375 1575 1645 1741 et apres ches paroles se party et seuera
368 1646 1447 1805 toutersetdrans os ⁊ se achemina
356 1690 1734 1858 tant fist ly rois anthomes et sy bien sescploita
345 1764 1594 1931 Redeus constantinoble ly aiches roy entra
342 1856 1461 1980 Seadonne contiet ⁊ iasaiis sen ala
347 1890 1806 2028 Et ly bons roit anthomes uistement fen e touria
340 1952 1624 2097 uers le cambre se fille que par amour ama
342 2017 1566 2148 Auenque se mustresse bietris le trouna
349 2076 1509 2194 Que ades lot nouru ⁊ sely enseigna
342 2113 1734 2258 Quant ly rois uit se fille tantost baisierlala
335 2178 1757 2318 Moult doulchement la cole ⁊ apres ly monstra
388 2242 1592 2385 elittre de le graie lequelle ql enpetra
338 2290 1654 2456 Par deuers lapostole que bien le proir a
356 2444 381 2507 I
395 2373 1631 2525 e faire trestout che que il cõmandera
358 2435 1677 2580 Rtly dit belle iille sanes cõment il ua
340 2513 1787 2645 Oroit demain au matin que ly iour apara
342 2569 1909 2732 Uous uoray espouser mon corps̃ uous prendera
352 2651 1734 2796 con le moie moulier be coutet dõne ma
402 2737 1576 2868 apostole de rõme quile pooir en a
375 2787 1711 2930 Quant clamne loy tous ly sans iy mua
473 2838 1847 2973 uant elaine entendy le sien pere parler
444 2902 1866 3047 ui le uneult a moulier auoir et esponser
