3104 4140
1302 919 2388 995 uͬ le uiere et le corps arderont
1316 975 2107 1048 Aes iuis quint mistrea fu
1304 1037 2169 1110 st euuere le biere a courne
1272 1074 2098 1161 mpre le cun da e son com
1254 1122 2303 1219 uans Il ne pient au Roy der roitt
1254 1193 2206 1265 E paint emant et uoute arire
1258 1244 2080 1324 mais ie faly a se mamere
1290 1299 2100 1377 uant la u̾iere audra crisser
1265 1340 2073 1430 et lerain de paliue oster
1244 1398 2409 1490 Dieux y monstra uertus moult grent
1226 1449 2130 1520 di umanẽ a le biere tenan
1341 1511 2427 1598 remessont ly demer sont e retrait
1219 1543 2047 1649 Elt aultre ius et tressinit
1217 1603 2107 1706 ui furent en le ꝯpaignie
1286 1649 1352 1729 u
1398 1669 2103 1750 uoloient sruete maru
2317 1635 2429 1701 oX
1226 1704 2429 1814 A doir par leur grant mespreison
1228 1761 2452 1881 i le qete biere en prendoient foisen
1237 1823 2061 1906 Cui ne se pogent aidier
1212 1872 2188 1959 forsque d braire etdeaur
1355 1929 2353 2012 insy monstra dieux ses uertues
1339 1987 2165 2074 As felonã iuis mi sirener
1350 2044 2257 2136 saint pterre le arimi pris a
1258 2104 2183 2198 si saint ie hani le presenta
1286 2173 1928 2247 t ly a dit sire cenes
1293 2208 2294 2309 herain de paline ⁊ it portes
1240 2277 2287 2364 Qnancle mer gene signourie
1228 2327 2188 2419 Rir a tous peqneurs est amie
1270 2380 2287 2472 e hans ln dist mes uous latres
1341 2440 2181 2527 uuant nous la porterer
1247 2490 1951 2550 S e sy dine qme ty
1389 2518 2204 2633 Auit pre de ly aespondy
1293 2589 2153 2691 ussy crestoa quentendu Ca
1277 2654 2144 2741 esxpun dist Il entendes cha
1286 2711 2319 2812 uant nostre Re acour penduiz
1272 2743 1318 2826 9
1343 2753 1948 2842 entroir̃ et tous mis
1380 2806 2287 2904 garde uous laissa samere
1233 2852 2206 2960 De qui Il est et filz et peres
1212 2914 2222 3026 moult saigement aꝯpaigmie
1212 2973 2365 3072 Quant uiergene a unrenrososia
1214 3038 2416 3132 Cues uergene et elle uiergem
1191 3086 2291 3187 Gy que ceste oemre a toy enclne
1371 3157 1405 3236 d
1445 3153 2172 3277 y saint querre deinson
1994 3495 2024 3581 2
