3104 4140
1481 549 1532 685 11
154 692 1451 775 e draps ale ruere moult ot d pouret
135 731 1445 830 les nyacontast m s li dame un ail pele
138 781 1122 873 on creist laen dieu que touta estore
135 814 1320 924 et quant bie rõure ot la sy lone ramps este
135 867 1127 975 ue .xuii ans furent a couply et passi
117 917 1159 1028 dont sainsa le dame ⁊ sa en dy peuse
121 954 1329 1078 don auoit le sien corps tout partontoublie
195 1000 1348 1127 son ue lauoit  mas ne quis ne a mand
190 1058 1164 1168 saisa claine que le corps ot sam
133 1090 1265 1223 quelle proit en del lieu et en tes guet
138 1154 1132 1276 u onirroit en dirit et en letrunte
216 1248 255 1317 en
271 1189 1313 1315 le mere de dieu le dame de pite
135 1265 1003 1368 ostesst en apila par d uouairrte
128 1292 1203 1423 dame dist le roue or ne maies chele
121 1340 1279 1481 Du roiston en dieu ne en confait Rengni
193 1414 1115 1511 en coufait pais sont lrestien am
1115 1407 1254 1517 Fãse
147 1478 1500 1612 douz quoy at manes uous ore de trecose palle
147 1559 1316 1667 epsidies sardoir que dieu auel nõmi
144 1609 1323 1720 estes uous cristieme or ne uenes chele
1343 1609 1640 1715 helame
133 1681 473 1764 doul che dest
570 1655 1097 1734 ar dieu d magesti
167 1704 1286 1810 lus ne le celeray pamais en monae
223 1754 1283 1849 deuston mon corpuardoir et bruler
230 1812 1398 1899 dest le sarasme parmaiõmet s monde
135 1853 1447 1954 deman uoul aueray sy manuau plet urassi
135 1920 708 2003 Qur uouz en serex̃
980 1911 998 1973 .
1058 1911 1334 1982 t a uirute
144 1954 1164 2049 Quant elame loy sy a dieu R clanni
154 1996 1449 2088 euist le mut dorut our lor duu chite
170 2044 1486 2136 ar nuit droit a muunt que lx coc ontcanti
154 2102 1221 2201 ssy de ie maison et a tant diuande
165 2152 1076 2263 on ly dist ou on a ihũcrist aoire
149 2191 1486 2313 ⁊ tequatours en touraint sont Rretien aplente
144 2286 469 2387 ⁊ la qe dist
681 2244 1477 2332 proit se il uint dien agri
250 2297 1318 2401 cami le Rome est hors denãte issui
248 2336 1585 2461 moult estoit a son cuer tedolenter pristue
239 2401 1327 2520 garde dieu sest le derne Rendui
163 2424 220 2523 l
138 2465 1774 2578 olante estoit aucuer que se mani qui seauam ot perdire
227 2507 1221 2619 sen uare estoit forment deseduene
147 2541 1557 2672 ar moult grant pane auoit le denne Recgeur
119 2649 312 2723 Maiiti
324 2601 1205 2711 uiutauoit respamee et batur
218 2640 1562 2760 euander estoit moult louc tamps maintenue
119 2707 1272 2824 En priant Ihu crist qui estora le mie
154 2755 1642 2868 tua srs̃ deux fieus sil uiuent Il leur fesist aine
156 2812 1389 2911 e dirus dist le Roure ie te prie et salue
135 2868 1194 2964 due ine soie ia par qd̃nr cõnene
278 2921 1348 3017 uen serwy se houria a de moy le ueue
119 2969 1532 3093 ne h uous Rois mes pares Ie suis morte ferur
