3104 4140
1175 717 2793 834 due songa le trois digne que ihũs uauli porter
1164 777 2825 908 due che foce songe ane ueulle en grant bien concorder
1205 848 2549 956 tme uelille heury mon seicieur lameuer
1125 910 2275 1007 Idont a cõmenchiet le roie aplorer
1118 961 2356 1078 Marie de clochestre le uint rescouhorter
1122 1018 2478 1129 Gar ulle le seruoid de bon cuer sans amer
1106 1078 2662 1193 puis uault pour se namour le grief mortendier
1129 1143 2268 1271 Ensy que uous pores oir et escouter
1274 1191 2549 1299 gneurs or entendes fraique gent hõneree
1175 1267 2422 1361 Elame le roine ploura moult le ioirner
1104 1322 2395 1426 Ppoir le songe de quoy estoit espoentee
1173 1380 2319 1488 t le fausse roue sest de la deseurree
1332 1426 2464 1536 e cambre se uest yuellement entree
1166 1476 2482 1603 Et ly erpheures forge de cuer ⁊ de ꝓcusee
1143 1531 2480 1669 Et draue le saiel dont lomuire fu doree
1184 1605 2225 1722 res il en auera uuermuale sander
1205 1646 2287 1787 a fait le saiel et le signe lettree
1237 1708 2404 1835 puis a le rome ale signe monstree
1173 1791 2653 1897 Euant le dame le tuit dont fu elle assairee
1141 1897 2335 1987 oms aporta le uin et le coupe dorey
1329 1853 2312 1934 uourse le mist le rome demec
1201 1936 2650 2049 maistre fist mengier en se cambre paur e
1198 2017 2482 2104 coupe lyteudio et chieux sans demoree
1180 2079 2386 2159 Sut du uin liement le char ot escaulee
1159 2122 2533 2219 ures aussy quil buuoit chost uerite prouure
1134 2194 2508 2272 Prist le dame uit contel ale poite aterer
1155 2235 2434 2318 Quuers le mier du maistre a sete se uisee
1150 2288 2533 2389 Puis lãiclie le coutel de celle tl randoure
1155 2348 2544 2444 que daultre part ly est le pointe trespassee
1201 2405 2328 2488 e cuer in pourfendt et loute le corer
1196 2467 2606 2559 maistre fu pai es de mort pour se iournee
1196 2509 2623 2633 Dit sanc de sen corps fu ly cambre ensangeleitee
1214 2587 2459 2684 rome et le cambre auuron bien frumee
1196 2635 2319 2732 or auoit pres de la unr cambre pryner
1178 2677 2337 2787 A dont la male uielle ny a fait arestee
1184 2718 2473 2865 Iorfeure que dast mort somuuns geulle baiuee
1187 2810 2185 2914 Ia iouuẽte sasy et se la tramee
1203 2849 2305 2978 Ri le fosse parfoide la a se char Ieter
1171 2898 2563 3033 Et quant elle ot che fait le cambre aramõuee
1175 2953 2544 3102 Font ie sant aeste dont le ramble ert pruplee
