3104 4140
1329 991 2977 1099 Onquel mais gent ne furent ensement de bartee
1373 1069 2811 1143 ios gente les Uout sierant liant a le uolr
1359 1113 2770 1196 dar Roy tout y moree fole dent deuarerir
1350 1163 2809 1255 nais hurtat Na fmant qui mahẽmet mangree
1371 1228 2597 1304 y malon dist Il or au coansti Rens iy
1369 1269 2733 1352 de Iamais q ms Rentrer en me chiteioi
1387 1327 2524 1412 ⁊ te frosseray le dol et lesquinet
1366 1373 2715 1465 ont brisse le cheual de cellerã ccõnee
1359 1435 2533 1499 Eue le peteist pour sor oue care
1327 1536 1534 1607 olu
1557 1545 2756 1662 euanche hurtaux mates et descoufis
1341 1603 2827 1718 Dolans et courechies et formes esbaubia
1385 1667 2807 1770 tuo franc cheualier lencaichent parains
1382 1720 2724 1823 ii le cͥhite de rõmeen est uenue ly cris
1359 1791 2728 1876 orment en fu ly peuples pians et esbaubia
1359 1842 2634 1927 et dient sere Rois qui en le crois fu mis
1325 1897 2781 1987 Preudons est et loiaux ly Riclces pois heuris
1355 1957 2639 2046 Et de consrantinoble aathomres ly gentis
1352 2012 2850 2104 ult refois les auons trouues moult uoinis anne
1364 2076 2634 2162 dout but les ostelz aprestes et garns
1412 2132 2846 2219 portet carches rues ces tables et ces lis
1382 2191 2788 2274 uant elame perchoit que ly ostel sontpris
1380 2240 2604 2329 t due ly grant palais qui estoit sy Iblis
1451 2302 2781 2394 pris our Receuoir les n aoit signouris
1371 2357 2963 2456 noult en fu ly sieus corps dolanr et assouplis
1366 2419 2659 2509 y a dit coleiuent uray aien de prarodis
1415 2472 2804 2569 hy ne demouroie pour lor de.E. pays
1438 2530 2696 2617 leuere et parchemun ale rouce pris
1424 2576 2705 2688 ⁊ escoutes dequon elle prist son a duys
1445 2633 2634 2734 er escontes delame Sout elle sainsa
1486 2688 2795 2787 lle pristporchemin et encre quatheta
1369 2746 2873 2840 et pine prist a estrere bien lot aprie huecha
1320 2796 2853 2898 Noult tres qteusemẽt se lectre ꝯmenchait
1392 2854 2816 2955 u disant cout prouuers Ihũs qui tout creri
1352 2914 2724 3010 t quiqour noꝰ en lrois tramblier se laissa
1378 2973 2878 3070 sant le roy anthome qui mon corps engeura
1405 3031 2705 3118 ⁊ le uou Roy heury oussy qui mesponsa
1352 3086 2788 3176 ou elane ly laisse qui maiit malechura
1373 3137 1428 3229 u
1504 3139 2761 3233 ste oscelee chy ensroit grant piecha
1350 3190 3011 3298 e churay maige pamne scaelies Nreslont Iampa
1325 3252 2857 3364 Or me suit partie qaour cheque uenes cha
