3104 4140
161 919 1497 1032 Sin scay qui sil me tient en feu seray brii
273 993 1491 1083 roua pri pour dien que ne my menes mie
154 1048 1417 1129 Dout sest par deuant ly clamne agenouwie
218 1094 1543 1184 n ꝑ lourant teurement monant hideuse uie
165 1150 1297 1230 t celle quant de lame et le coison oie
211 1196 1486 1288 not sy grant pite que forment en lar out
179 1253 1378 1345 dout sageuoulla et uers luy sumelie
186 1301 1642 1405 En disant gent erp dame pe uous esmaies mue
186 1389 216 1449 U
239 1354 1477 1460 ne uoul y meroir Pour toute lon uarde
227 1423 1405 1508 eie uoux ay meffut ne ditrs ui lonne
195 1465 1571 1575 e le me pardõnes car mon corps uout enprie
154 1531 1334 1630 Dame che dist elame qui tant fu a gensie
234 1591 1364 1690 sy tresuraiement lerparson uous etrie
195 1646 1366 1750 ue Ihũe parõia le fil sainte marie
207 1706 1392 1800 longra quant en crois le fernparmesrie
269 1736 1718 1865 i lanche a sen aier quant pournoꝰ pardy le uie
211 1819 1346 1908 sent sost lꝙy ostesse di hostil a partie
230 1867 248 1938 p
266 1874 1138 1957 clame pemest le qrine prisie
181 1922 1373 2007 De liaue lour fa loit pour Roire le mutie
264 1977 1488 2063 pot print le Rome dee ostel sest uindie
204 2030 1396 2113 ers le rimere ua que pouce nesy detrie
216 2081 1497 2168 puissor est uenre meds la quõy con uoui die
216 2139 1355 2231 auoit un uarlet dengletirre lantie
218 2191 1435 2281 in en liane a brumoit un destrier de sune
204 2249 1514 2336 eigueie ychiem uarles esoit de la maisne
225 2295 1359 2398 Riche Roy hemry quẽ tle terre maistrie
216 2352 1375 2440 nsy que son chereil parmy liaue tourme
184 2405 1201 2504 oit elame quissier y lueque seusõme
220 2458 1472 2553 spãmer un aol dune main leupãmie
179 2516 1378 2608 Euant ly uarlesle uoit adont sestidie
186 2580 1212 2674 den cheual aresta sa elame choiste
207 2642 1339 2732 r mauoa cuue main lors se rglancoliẽ
174 2691 1543 2787 Dont a dit coiement douche uierge marie
193 2753 1468 2849 Ie la une moullier de ui aulte fust garuie
324 2815 1458 2911 lle sust Ia biier uestue et cauchie
207 2872 292 2966 iiii
315 2877 1553 2976 saiableroit elame mes che nestelle mie
197 2939 1675 3049 nso pour quant Ie ne scay uion doit estrs cangie
266 3008 1426 3107 a xxx mis passes que lle fucde cachie
200 3065 1465 3153 u tergie sy louctain doit estre bien matie
197 3118 1424 3226 daue dist ly uar les Ihũs uous benait
