<?xml version="1.0" encoding="UTF-8"  standalone="yes"?>
<PcGts xmlns="http://schema.primaresearch.org/PAGE/gts/pagecontent/2019-07-15" xmlns:xsi="http://www.w3.org/2001/XMLSchema-instance" xsi:schemaLocation="http://schema.primaresearch.org/PAGE/gts/pagecontent/2019-07-15 http://schema.primaresearch.org/PAGE/gts/pagecontent/2019-07-15/pagecontent.xsd">
  <Metadata>
	<Creator>escriptorium</Creator>
	<Created>2025-10-15T20:24:29.037383+00:00</Created>
        <LastChange>2025-10-15T20:24:29.037404+00:00</LastChange>

  </Metadata>
  <Page imageFilename="620416201_MS0742_0766_0183A.jpg" imageWidth="3104" imageHeight="4140">

    
    <TextRegion id="eSc_textblock_6f5de8d4"  custom="structure {type:text;}">
      <Coords points="1537,791 1596,827 1596,991 1504,1104 1486,1221 1633,1313 1615,1359 1497,1377 1421,1435 1394,1570 1458,1745 1532,1784 1523,1902 1569,1950 1606,2113 1808,2152 1799,2270 1679,2300 1725,2539 1707,2610 1679,2647 1599,2656 1495,2778 1534,2898 1707,2962 1698,3226 1120,3254 809,3291 660,3346 549,3263 165,3236 119,3125 101,2840 82,1370 46,919 92,892 1339,883 1442,800 1537,791"/>
      
      
      <TextLine id="eSc_line_20ad10be" custom="structure {type:default;}">
        <Coords points="108,1011 243,1011 283,1028 285,1028 287,1028 370,1009 372,1009 377,1009 446,1025 448,1025 538,1009 722,1021 724,1021 727,1021 729,1021 750,1007 832,1021 835,1021 837,1021 892,1002 897,1002 904,1002 1000,1018 1003,1018 1182,1000 1203,998 1233,998 1484,1011 1486,1011 1566,993 1566,975 1562,931 1221,910 1219,910 1217,910 1214,910 1214,913 1196,929 1191,936 828,936 814,929 798,917 796,917 793,917 722,917 720,917 717,917 715,917 701,926 685,938 644,926 614,919 612,919 545,919 543,919 540,919 517,926 467,942 352,926 315,922 312,922 310,922 308,922 303,926 292,938 172,945 108,926 108,993 108,1011"/>
        <Baseline points="108,993 1566,975"/>
        <TextEquiv conf="0.9726991713047027">
          <Unicode>t oussy fist anchouneͤ que point ne se deteye</Unicode>
        </TextEquiv>
      </TextLine>

      
      
      <TextLine id="eSc_line_729c45c1" custom="structure {type:default;}">
        <Coords points="227,1051 227,1081 1306,1062 1306,1035 1300,993 839,1009 796,1005 729,998 727,998 724,998 697,1007 683,1011 653,1009 579,1000 577,1000 575,1000 549,1011 547,1011 526,1002 524,1002 522,1002 225,1018 227,1051"/>
        <Baseline points="227,1051 1306,1035"/>
        <TextEquiv conf="0.9867245521810319">
          <Unicode>e sout mis a uoie a grant questablir</Unicode>
        </TextEquiv>
      </TextLine>

      
      
      <TextLine id="eSc_line_9609a3f8" custom="structure {type:default;}">
        <Coords points="89,1110 92,1152 151,1131 253,1131 294,1147 296,1147 299,1147 301,1147 308,1147 400,1129 646,1138 789,1143 791,1143 793,1143 812,1133 821,1129 881,1131 1026,1140 1028,1140 1217,1122 1219,1097 1212,1051 87,1071 89,1110"/>
        <Baseline points="89,1110 1219,1097"/>
        <TextEquiv conf="0.980698534936616">
          <Unicode>ien .xxx mille en font la dpartie</Unicode>
        </TextEquiv>
      </TextLine>

      
      
      <TextLine id="eSc_line_70f83b73" custom="structure {type:default;}">
        <Coords points="89,1182 89,1202 207,1198 230,1202 266,1212 269,1212 271,1212 273,1212 306,1200 317,1198 329,1200 372,1209 375,1209 377,1209 416,1198 427,1196 439,1198 483,1207 485,1207 487,1207 526,1196 545,1191 568,1193 632,1205 635,1205 637,1205 639,1205 655,1193 662,1189 685,1191 768,1202 770,1202 773,1202 800,1189 807,1186 812,1189 837,1200 839,1200 842,1200 908,1189 1109,1196 1111,1196 1113,1196 1115,1196 1115,1193 1118,1193 1127,1182 1208,1193 1210,1193 1212,1193 1214,1193 1214,1191 1228,1179 1231,1177 1240,1177 1336,1191 1339,1191 1428,1173 1431,1147 1421,1101 1394,1113 1293,1106 1256,1104 1254,1104 1251,1104 1249,1104 1244,1108 1221,1124 1166,1110 1148,1106 1145,1106 1143,1106 1141,1106 1122,1110 1079,1127 934,1120 931,1120 878,1131 862,1122 862,1120 860,1120 858,1120 855,1120 853,1120 851,1120 849,1122 830,1133 602,1136 593,1131 582,1122 579,1122 577,1122 575,1122 457,1136 407,1143 377,1143 375,1138 358,1124 358,1122 356,1122 354,1122 352,1122 349,1122 299,1136 202,1124 200,1124 87,1147 89,1182"/>
        <Baseline points="89,1182 1035,1168 1431,1147"/>
        <TextEquiv conf="0.9758215208311338">
          <Unicode>e Roy heury emaine auerques luy lespi</Unicode>
        </TextEquiv>
      </TextLine>

      
      
      <TextLine id="eSc_line_6c55e633" custom="structure {type:default;}">
        <Coords points="94,1246 94,1276 204,1262 370,1271 400,1271 402,1271 423,1269 517,1255 648,1262 704,1265 706,1265 708,1265 710,1265 710,1262 715,1260 724,1251 775,1258 807,1262 809,1262 812,1262 814,1262 814,1260 816,1260 819,1258 823,1248 987,1246 1000,1251 1017,1258 1019,1258 1021,1258 1435,1237 1438,1216 1431,1168 1348,1182 1309,1170 1306,1170 1304,1170 1300,1170 1198,1182 1143,1173 1132,1173 1129,1173 1127,1173 1125,1173 1125,1175 1104,1189 1021,1191 952,1179 950,1179 947,1179 895,1193 780,1184 777,1184 710,1196 674,1184 671,1184 669,1184 662,1184 568,1200 515,1186 510,1186 508,1186 506,1186 503,1186 499,1189 455,1202 430,1191 427,1191 425,1191 423,1191 381,1205 278,1193 273,1193 271,1193 269,1193 190,1209 92,1198 94,1246"/>
        <Baseline points="94,1246 1438,1216"/>
        <TextEquiv conf="0.9804850862576411">
          <Unicode>u a cantin ly a le grant uoie enseignie</Unicode>
        </TextEquiv>
      </TextLine>

      
      
      <TextLine id="eSc_line_28072dc0" custom="structure {type:default;}">
        <Coords points="98,1292 98,1315 236,1327 239,1327 241,1327 283,1315 294,1313 315,1315 400,1324 402,1324 667,1313 766,1308 800,1311 862,1317 865,1317 867,1317 885,1311 904,1304 1366,1306 1371,1276 1364,1230 1272,1232 1270,1232 1267,1232 1251,1246 1184,1235 1171,1232 1168,1232 1136,1235 996,1251 975,1239 973,1237 971,1237 968,1237 865,1237 862,1237 754,1239 752,1239 734,1246 706,1258 517,1258 508,1253 499,1244 497,1244 494,1244 492,1244 490,1244 487,1244 473,1253 464,1258 416,1255 331,1248 329,1248 326,1248 289,1258 283,1260 280,1258 269,1248 269,1246 266,1246 264,1246 262,1246 96,1262 98,1292"/>
        <Baseline points="98,1292 653,1297 1371,1276"/>
        <TextEquiv conf="0.9783348211875329">
          <Unicode>ien le uit le gaiane de se tour batilli</Unicode>
        </TextEquiv>
      </TextLine>

      
      
      <TextLine id="eSc_line_e7514913" custom="structure {type:default;}">
        <Coords points="1594,1290 1585,1285 1491,1285 1488,1285 1486,1285 1481,1285 1442,1301 1332,1290 1290,1285 1288,1285 1286,1285 1277,1290 1251,1304 1219,1292 1210,1288 1208,1288 1102,1288 1099,1288 1097,1288 1095,1288 1088,1294 1079,1301 1053,1294 1037,1290 1035,1290 1033,1290 996,1294 929,1306 867,1297 826,1292 812,1292 793,1292 789,1299 780,1306 740,1299 715,1297 713,1297 710,1297 699,1301 676,1308 616,1301 582,1299 579,1299 467,1306 361,1311 347,1308 303,1294 301,1294 299,1294 296,1294 294,1294 278,1308 278,1311 98,1311 101,1350 101,1370 172,1366 213,1370 340,1389 342,1389 345,1389 384,1373 448,1386 450,1386 768,1375 855,1384 858,1384 860,1384 862,1384 881,1368 911,1377 913,1377 915,1377 918,1377 920,1377 920,1375 929,1368 938,1359 994,1359 1164,1359 1191,1366 1235,1380 1237,1380 1240,1380 1242,1380 1281,1366 1309,1357 1509,1357 1520,1366 1534,1377 1537,1377 1539,1377 1541,1377 1610,1363 1610,1322 1606,1297 1594,1290"/>
        <Baseline points="101,1350 683,1354 961,1338 1493,1334 1610,1322"/>
        <TextEquiv conf="0.9629788295082424">
          <Unicode>driuen sen esmerue lle quant uit le cheuanchie</Unicode>
        </TextEquiv>
      </TextLine>

      
      
      <TextLine id="eSc_line_4e4fcef4" custom="structure {type:default;}">
        <Coords points="218,1409 218,1426 356,1437 358,1437 361,1437 404,1426 457,1439 460,1439 462,1439 464,1439 503,1426 607,1442 609,1442 612,1442 641,1426 685,1439 687,1439 690,1439 759,1426 796,1439 798,1439 800,1439 803,1439 830,1423 842,1435 842,1437 844,1437 846,1437 849,1439 975,1439 975,1437 1380,1409 1380,1393 1375,1347 1304,1345 1302,1345 1300,1345 1288,1347 1235,1363 1152,1350 1127,1347 1125,1347 1086,1352 973,1368 936,1354 927,1352 924,1352 922,1352 897,1357 819,1373 669,1373 644,1361 641,1361 639,1361 628,1361 457,1375 444,1366 439,1361 439,1359 437,1359 434,1359 375,1359 372,1359 370,1359 354,1366 333,1377 296,1368 271,1361 269,1361 266,1361 216,1368 218,1409"/>
        <Baseline points="218,1409 763,1414 1380,1393"/>
        <TextEquiv conf="0.984226417210367">
          <Unicode>gent la moustre ⁊ dist ie uous affie</Unicode>
        </TextEquiv>
      </TextLine>

      
      
      <TextLine id="eSc_line_dffc8d58" custom="structure {type:default;}">
        <Coords points="816,1412 796,1426 775,1414 770,1414 747,1414 745,1414 727,1426 508,1426 499,1414 497,1414 494,1414 480,1412 473,1414 425,1423 391,1414 379,1412 379,1412 356,1412 354,1412 340,1416 310,1423 294,1416 285,1412 264,1412 241,1412 218,1412 216,1409 103,1416 105,1460 105,1481 257,1481 299,1497 301,1497 303,1497 306,1497 352,1478 354,1478 358,1478 391,1492 393,1492 395,1494 395,1492 398,1492 430,1478 432,1478 434,1478 473,1497 476,1497 478,1497 936,1485 1065,1497 1067,1497 1069,1497 1115,1483 1143,1497 1145,1497 1148,1497 1150,1497 1219,1478 1362,1478 1364,1449 1359,1407 1152,1407 1150,1407 1148,1407 1145,1407 1111,1428 858,1428 839,1412 816,1412"/>
        <Baseline points="105,1460 1010,1467 1364,1449"/>
        <TextEquiv conf="0.9841521600397621">
          <Unicode>dinesen uout a cantin h lont nouuelle oye</Unicode>
        </TextEquiv>
      </TextLine>

      
      
      <TextLine id="eSc_line_28ddfac5" custom="structure {type:default;}">
        <Coords points="121,1517 119,1536 257,1538 280,1554 283,1554 285,1554 287,1557 439,1557 439,1554 441,1554 492,1540 552,1557 554,1557 556,1557 559,1557 595,1543 658,1557 660,1557 888,1547 918,1559 920,1559 922,1559 924,1559 980,1545 1035,1557 1037,1557 1040,1557 1065,1545 1079,1559 1081,1559 1083,1559 1086,1559 1191,1543 1194,1522 1187,1476 1109,1490 952,1478 950,1478 947,1478 915,1490 874,1474 872,1474 869,1474 867,1474 826,1490 639,1490 598,1474 595,1474 593,1474 591,1474 589,1474 570,1485 404,1472 402,1472 306,1485 289,1472 287,1472 285,1472 121,1469 121,1517"/>
        <Baseline points="121,1517 720,1534 1194,1522"/>
        <TextEquiv conf="0.972544699055808">
          <Unicode>ue uitaille noꝰ est a celles ennoyo</Unicode>
        </TextEquiv>
      </TextLine>

      
      
      <TextLine id="eSc_line_8c125b8f" custom="structure {type:default;}">
        <Coords points="883,1531 865,1545 678,1536 676,1536 674,1536 635,1547 612,1534 609,1531 607,1531 589,1531 582,1534 538,1547 485,1536 473,1534 471,1534 469,1534 460,1536 418,1547 400,1536 388,1529 386,1529 384,1529 381,1529 379,1529 361,1538 331,1550 294,1538 285,1536 283,1536 280,1536 101,1540 103,1582 103,1600 250,1600 255,1600 365,1619 368,1619 584,1616 586,1616 614,1605 660,1614 662,1614 664,1614 667,1614 683,1600 697,1612 697,1614 699,1614 701,1614 704,1616 904,1616 904,1614 906,1614 941,1603 1021,1609 1023,1609 1026,1609 1028,1609 1053,1593 1086,1609 1088,1609 1090,1609 1092,1609 1136,1593 1208,1603 1210,1603 1348,1589 1350,1561 1346,1522 1233,1522 1231,1522 1228,1522 1226,1522 1212,1536 1189,1527 1187,1527 1184,1527 1182,1527 1120,1545 936,1545 897,1531 883,1531"/>
        <Baseline points="103,1582 915,1586 1350,1561"/>
        <TextEquiv conf="0.9545399554264851">
          <Unicode>Ir tos a bus de la par le bouue entalie</Unicode>
        </TextEquiv>
      </TextLine>

      
      
      <TextLine id="eSc_line_e4b3081c" custom="structure {type:default;}">
        <Coords points="202,1649 202,1674 289,1665 308,1672 322,1678 324,1678 326,1678 329,1678 342,1672 352,1667 358,1672 365,1678 368,1678 370,1678 372,1678 462,1676 464,1676 467,1676 473,1669 483,1662 508,1669 533,1674 536,1674 538,1674 554,1667 572,1660 598,1667 628,1674 630,1674 632,1674 635,1674 651,1665 662,1660 740,1665 938,1674 941,1674 1037,1658 1051,1655 1058,1658 1106,1672 1109,1672 1111,1672 1113,1672 1141,1658 1265,1669 1267,1669 1270,1669 1316,1651 1316,1635 1309,1596 200,1603 202,1649"/>
        <Baseline points="202,1649 1316,1635"/>
        <TextEquiv conf="0.9925464278942829">
          <Unicode>quil ne quisse leure o casiel uilõie</Unicode>
        </TextEquiv>
      </TextLine>

      
      
      <TextLine id="eSc_line_21b23922" custom="structure {type:default;}">
        <Coords points="105,1699 105,1727 241,1718 260,1727 278,1736 280,1736 283,1736 338,1727 349,1724 354,1727 375,1736 377,1736 379,1736 540,1724 547,1724 554,1724 710,1736 713,1736 715,1736 717,1736 717,1734 731,1722 736,1715 784,1715 793,1722 807,1734 809,1734 812,1734 814,1734 876,1722 890,1734 892,1734 895,1734 897,1736 1056,1736 1056,1734 1058,1734 1111,1720 1127,1715 1138,1720 1175,1734 1178,1734 1180,1734 1182,1734 1184,1734 1184,1731 1198,1718 1203,1715 1408,1715 1412,1683 1405,1644 1242,1658 1155,1646 1152,1646 1150,1646 1148,1646 1148,1649 1134,1660 103,1655 105,1699"/>
        <Baseline points="105,1699 1086,1701 1412,1683"/>
        <TextEquiv conf="0.9777641418652657">
          <Unicode>dont se partent i ͨ tout dune cõpaizne</Unicode>
        </TextEquiv>
      </TextLine>

      
      
      <TextLine id="eSc_line_7ffbea58" custom="structure {type:default;}">
        <Coords points="101,1750 98,1768 241,1782 243,1782 292,1773 317,1784 319,1784 322,1784 324,1784 363,1773 386,1789 388,1789 391,1789 393,1789 745,1777 784,1791 786,1791 789,1791 1044,1780 1118,1791 1120,1791 1122,1791 1125,1791 1125,1789 1134,1780 1161,1793 1164,1793 1166,1793 1242,1777 1392,1777 1394,1747 1389,1713 1194,1713 1191,1713 1189,1713 1145,1727 1063,1713 1060,1713 1058,1713 1019,1727 883,1711 872,1711 869,1711 867,1711 865,1711 823,1724 745,1711 738,1711 736,1711 731,1711 653,1724 540,1711 536,1711 533,1711 520,1711 271,1722 101,1711 101,1750"/>
        <Baseline points="101,1750 994,1764 1394,1747"/>
        <TextEquiv conf="0.9779203424328252">
          <Unicode>t cent en demoura a le tour Reuforchie</Unicode>
        </TextEquiv>
      </TextLine>

      
      
      <TextLine id="eSc_line_532de95d" custom="structure {type:default;}">
        <Coords points="1026,1764 1023,1764 1021,1764 1019,1764 1010,1770 1003,1780 784,1780 738,1770 715,1766 713,1766 676,1770 600,1780 577,1770 570,1766 568,1766 566,1766 563,1766 556,1768 536,1780 108,1768 110,1814 110,1844 1500,1833 1502,1810 1495,1775 1352,1777 1336,1773 1313,1766 1311,1766 1309,1766 1306,1766 1304,1766 1304,1768 1297,1773 1293,1780 1155,1780 1141,1773 1129,1766 1127,1766 1125,1766 1086,1773 1053,1777 1042,1773 1030,1764 1028,1764 1026,1764"/>
        <Baseline points="110,1814 1502,1810"/>
        <TextEquiv conf="0.9877946681754534">
          <Unicode>y rois heuris sen ua par le laude en hermne</Unicode>
        </TextEquiv>
      </TextLine>

      
      
      <TextLine id="eSc_line_db404eac" custom="structure {type:default;}">
        <Coords points="101,1872 101,1890 299,1890 301,1890 319,1904 322,1904 324,1904 326,1904 329,1904 358,1890 361,1890 372,1890 586,1904 589,1904 745,1892 846,1904 849,1904 851,1904 853,1904 872,1888 899,1904 901,1904 904,1906 1044,1906 1044,1904 1046,1904 1111,1885 1115,1885 1120,1885 1152,1897 1155,1897 1157,1897 1210,1885 1212,1885 1242,1902 1244,1902 1247,1902 1249,1902 1251,1902 1274,1885 1293,1902 1295,1902 1297,1902 1300,1902 1451,1883 1451,1860 1445,1821 98,1828 101,1872"/>
        <Baseline points="101,1872 1017,1872 1451,1860"/>
        <TextEquiv conf="0.9697375519331112">
          <Unicode>llesquie deemaudde diltes moy ie uous qorie</Unicode>
        </TextEquiv>
      </TextLine>

      
      
      <TextLine id="eSc_line_7e1d92ed" custom="structure {type:default;}">
        <Coords points="108,1948 425,1959 427,1959 554,1948 568,1948 577,1948 653,1959 655,1959 715,1948 717,1948 736,1959 738,1959 740,1959 743,1959 745,1959 747,1959 761,1950 773,1959 775,1959 777,1959 780,1961 906,1961 906,1959 908,1959 911,1959 927,1948 929,1948 996,1959 998,1959 1000,1959 1040,1948 1069,1959 1072,1959 1074,1959 1076,1959 1079,1959 1095,1948 1097,1948 1263,1948 1263,1918 1258,1892 1164,1876 1161,1876 1099,1890 1079,1895 961,1895 950,1888 936,1879 934,1879 931,1879 929,1879 927,1879 924,1879 913,1888 901,1892 761,1885 683,1881 681,1881 667,1883 623,1892 563,1881 526,1876 524,1876 522,1876 510,1881 483,1892 404,1881 379,1876 377,1876 375,1876 372,1876 372,1879 370,1879 356,1895 315,1895 296,1879 294,1876 292,1876 289,1876 177,1876 174,1876 172,1876 170,1876 147,1890 108,1876 108,1929 108,1948"/>
        <Baseline points="108,1929 971,1934 1263,1918"/>
        <TextEquiv conf="0.9832712113857269">
          <Unicode>a plus de citernt en nesne qartu</Unicode>
        </TextEquiv>
      </TextLine>

      
      
      <TextLine id="eSc_line_62481bc8" custom="structure {type:default;}">
        <Coords points="147,1998 147,2014 312,2030 315,2030 455,2012 460,2012 464,2012 554,2030 556,2030 559,2030 598,2010 600,2010 602,2010 639,2023 641,2023 644,2023 685,2014 699,2026 699,2028 701,2028 704,2028 706,2028 708,2028 710,2028 740,2010 784,2026 786,2026 789,2026 791,2026 844,2012 947,2026 950,2026 952,2026 954,2026 977,2007 1000,2023 1003,2023 1005,2023 1007,2026 1143,2026 1143,2023 1145,2023 1168,2012 1265,2021 1267,2021 1270,2021 1272,2021 1286,2012 1297,2021 1300,2021 1302,2021 1304,2021 1306,2021 1341,2003 1401,2014 1403,2014 1405,2014 1408,2014 1421,2000 1424,2000 1534,2000 1534,1975 1527,1936 1426,1941 1405,1936 1380,1929 1378,1929 1375,1929 1373,1929 1350,1936 1313,1948 1297,1936 1293,1931 1290,1931 1288,1931 1286,1931 1283,1931 1281,1931 1277,1936 1263,1948 1150,1950 1106,1938 1090,1934 1088,1934 1086,1934 1083,1934 1072,1938 1042,1952 947,1952 922,1938 915,1936 913,1936 911,1936 908,1936 906,1936 906,1938 904,1938 890,1954 793,1954 773,1941 768,1936 766,1936 763,1936 761,1936 759,1936 747,1941 706,1954 646,1941 641,1941 639,1941 637,1941 635,1941 605,1957 503,1957 441,1943 430,1941 427,1941 425,1941 423,1941 423,1943 404,1957 326,1948 324,1948 322,1948 294,1959 144,1945 147,1998"/>
        <Baseline points="147,1998 1104,1994 1534,1975"/>
        <TextEquiv conf="0.9853080097171996">
          <Unicode>ne meffaire noꝰ puist nesuue uilõme</Unicode>
        </TextEquiv>
      </TextLine>

      
      
      <TextLine id="eSc_line_fd8aae91" custom="structure {type:default;}">
        <Coords points="167,2067 172,2102 190,2088 269,2099 301,2102 303,2102 331,2097 381,2086 400,2095 414,2102 416,2102 418,2102 421,2102 439,2093 462,2083 501,2090 543,2099 545,2099 547,2099 549,2099 563,2090 577,2081 600,2088 628,2097 630,2097 632,2097 635,2097 660,2086 674,2081 678,2086 683,2090 683,2093 685,2093 687,2093 793,2095 796,2095 798,2095 800,2095 819,2081 821,2081 830,2081 904,2093 906,2093 908,2093 911,2093 934,2079 941,2074 964,2076 1014,2086 1017,2086 1072,2074 1086,2072 1095,2074 1134,2086 1136,2086 1138,2086 1141,2086 1182,2072 1217,2086 1219,2086 1221,2086 1302,2072 1362,2083 1364,2083 1366,2083 1433,2063 1433,2044 1428,2005 1334,1996 1332,1996 1329,1996 1327,1996 1313,2005 1306,2010 1295,2005 1279,2000 1277,2000 1274,2000 1210,2007 1129,2014 1109,2007 1088,2000 1086,2000 1083,2000 1081,2000 1065,2007 1044,2019 897,2019 885,2010 883,2007 881,2007 878,2007 876,2007 855,2010 796,2021 740,2012 715,2007 713,2007 710,2007 699,2012 667,2023 605,2012 582,2010 579,2010 554,2014 480,2026 372,2017 349,2014 347,2014 345,2014 342,2014 342,2017 324,2030 255,2030 234,2017 232,2017 230,2017 227,2017 165,2017 167,2067"/>
        <Baseline points="167,2067 1433,2044"/>
        <TextEquiv conf="0.9848290101901905">
          <Unicode>U ce dit ly uarles Ie uous a certefie</Unicode>
        </TextEquiv>
      </TextLine>

      
      
      <TextLine id="eSc_line_dfcddf32" custom="structure {type:default;}">
        <Coords points="128,2136 128,2155 204,2168 207,2171 253,2171 253,2168 255,2168 257,2168 276,2152 280,2150 292,2152 358,2166 361,2166 439,2152 517,2164 520,2164 646,2145 648,2145 651,2145 734,2159 736,2159 738,2159 740,2159 740,2157 757,2143 761,2143 888,2150 890,2150 892,2150 934,2139 938,2139 943,2139 1037,2155 1040,2155 1134,2139 1161,2150 1164,2150 1166,2150 1168,2150 1217,2134 1329,2143 1332,2143 1334,2143 1357,2132 1415,2148 1417,2148 1419,2148 1566,2125 1566,2111 1562,2070 1401,2060 1398,2060 1396,2060 1357,2070 1341,2074 1329,2070 1302,2060 1300,2060 1297,2060 1295,2060 1270,2072 1258,2076 1249,2072 1235,2063 1233,2063 1231,2063 1228,2063 1226,2063 1224,2063 1212,2072 1203,2079 1095,2079 1081,2072 1065,2065 1063,2065 1060,2065 1021,2072 982,2081 945,2074 915,2067 913,2067 911,2067 908,2067 908,2070 904,2074 892,2083 734,2074 660,2072 658,2072 655,2072 653,2072 648,2076 639,2086 628,2076 625,2076 623,2076 621,2076 616,2076 515,2090 494,2076 492,2076 490,2076 386,2076 384,2076 381,2076 379,2076 379,2079 358,2093 287,2079 283,2079 280,2079 278,2079 276,2079 257,2093 126,2081 128,2136"/>
        <Baseline points="128,2136 1566,2111"/>
        <TextEquiv conf="0.9583082215206044">
          <Unicode>che coste senestre uers laman le iolu</Unicode>
        </TextEquiv>
      </TextLine>

      
      
      <TextLine id="eSc_line_dd326a71" custom="structure {type:default;}">
        <Coords points="227,2205 227,2226 271,2244 273,2244 276,2244 278,2244 280,2244 280,2242 301,2226 301,2224 372,2224 377,2224 427,2242 430,2242 432,2242 434,2242 437,2242 437,2240 448,2231 628,2242 630,2242 632,2242 635,2242 660,2221 715,2240 717,2240 720,2240 722,2240 724,2240 740,2226 800,2240 803,2240 805,2240 807,2240 842,2217 849,2217 915,2226 918,2226 966,2214 971,2214 973,2214 1014,2231 1017,2231 1019,2231 1021,2231 1023,2231 1023,2228 1040,2214 1088,2235 1090,2235 1092,2235 1095,2235 1161,2217 1180,2231 1180,2233 1182,2233 1184,2233 1187,2233 1263,2231 1265,2231 1267,2231 1302,2210 1336,2224 1339,2224 1341,2224 1343,2224 1387,2210 1507,2228 1509,2228 1511,2228 1514,2228 1514,2226 1534,2205 1537,2205 1668,2205 1670,2182 1663,2143 1555,2145 1550,2143 1527,2132 1525,2132 1523,2132 1401,2145 1364,2150 1336,2148 1235,2136 1233,2136 1231,2136 1191,2150 1182,2155 1026,2155 1012,2152 950,2141 947,2141 835,2143 832,2143 830,2143 812,2157 809,2157 798,2157 701,2145 699,2145 697,2145 664,2159 655,2162 644,2159 600,2148 598,2148 595,2148 593,2148 566,2159 561,2162 540,2162 418,2150 416,2150 414,2150 375,2164 365,2166 356,2164 312,2152 310,2152 308,2152 306,2152 303,2152 303,2155 292,2164 289,2166 287,2164 250,2155 248,2155 246,2155 243,2155 225,2162 227,2205"/>
        <Baseline points="227,2205 1670,2182"/>
        <TextEquiv conf="0.9554600221354786">
          <Unicode>n petit castiel que trep poissana nestune</Unicode>
        </TextEquiv>
      </TextLine>

      
      
      <TextLine id="eSc_line_29f30d21" custom="structure {type:default;}">
        <Coords points="135,2265 135,2290 280,2300 283,2300 363,2290 388,2288 393,2290 421,2304 423,2304 425,2304 501,2290 513,2288 520,2290 572,2311 575,2311 577,2311 579,2311 630,2288 644,2283 701,2283 713,2288 740,2306 743,2306 745,2306 747,2306 750,2306 784,2293 823,2306 826,2306 828,2306 830,2306 876,2288 888,2283 897,2288 938,2304 941,2304 943,2304 945,2304 984,2288 996,2283 1010,2288 1058,2302 1060,2302 1063,2302 1316,2300 1318,2300 1359,2286 1398,2272 1442,2286 1477,2295 1479,2295 1481,2297 1557,2297 1557,2295 1560,2295 1580,2283 1615,2267 1757,2267 1790,2283 1794,2226 1790,2198 1539,2198 1537,2198 1534,2198 1527,2201 1493,2217 1447,2203 1442,2201 1440,2201 1438,2201 1424,2203 1341,2219 1286,2205 1279,2203 1277,2203 1274,2203 1272,2203 1270,2203 1270,2205 1247,2221 1191,2212 1189,2212 1187,2212 1164,2224 697,2219 694,2219 572,2233 450,2221 448,2221 446,2221 423,2231 393,2217 391,2217 294,2217 292,2217 289,2217 287,2217 287,2219 269,2235 133,2221 135,2265"/>
        <Baseline points="135,2265 1224,2263 1794,2226"/>
        <TextEquiv conf="0.9666173429023929">
          <Unicode>cun a un coile ung qui moult fort uoꝰauue</Unicode>
        </TextEquiv>
      </TextLine>

      
      
      <TextLine id="eSc_line_33bb46dd" custom="structure {type:default;}">
        <Coords points="131,2339 131,2364 211,2352 227,2364 232,2369 234,2369 236,2369 239,2371 285,2371 285,2369 287,2369 289,2369 289,2366 294,2364 308,2352 347,2362 375,2369 377,2369 409,2362 448,2352 483,2362 513,2369 515,2369 517,2369 607,2359 671,2352 681,2357 697,2369 699,2369 701,2369 704,2371 775,2371 775,2369 897,2355 952,2350 968,2355 1003,2366 1005,2366 1007,2369 1076,2369 1076,2366 1079,2366 1081,2366 1095,2355 1106,2364 1106,2366 1109,2366 1111,2366 1113,2369 1283,2369 1283,2366 1421,2348 1424,2334 1419,2297 1214,2297 1210,2295 1196,2283 1194,2283 1191,2283 1189,2283 1083,2293 1049,2295 1030,2293 966,2279 964,2279 961,2279 959,2279 943,2290 936,2297 853,2297 826,2290 775,2279 773,2279 770,2279 750,2288 740,2293 713,2288 678,2283 676,2283 674,2283 671,2283 667,2288 651,2297 556,2286 497,2281 494,2281 407,2286 271,2293 260,2283 257,2281 255,2281 253,2281 250,2281 248,2281 246,2281 243,2283 225,2297 204,2283 202,2281 200,2281 197,2281 195,2281 128,2281 131,2339"/>
        <Baseline points="131,2339 1424,2334"/>
        <TextEquiv conf="0.9903973288395825">
          <Unicode>t quant lieury loy ne ly agree mie</Unicode>
        </TextEquiv>
      </TextLine>

      
      
      <TextLine id="eSc_line_4e3e2f19" custom="structure {type:default;}">
        <Coords points="121,2405 121,2431 241,2442 243,2442 246,2442 248,2442 269,2428 280,2421 473,2421 478,2426 492,2438 492,2440 494,2440 497,2440 499,2440 501,2440 547,2426 552,2424 554,2424 570,2438 572,2438 575,2438 678,2440 681,2440 738,2438 740,2438 743,2438 761,2421 763,2419 768,2421 800,2438 803,2438 805,2438 1102,2435 1104,2435 1141,2421 1194,2435 1196,2435 1198,2435 1288,2412 1288,2396 1281,2359 1233,2359 1228,2357 1198,2341 1196,2341 1194,2341 1191,2341 1148,2355 1086,2341 1083,2341 1081,2341 1079,2341 1079,2343 1065,2357 1060,2362 1021,2362 1017,2355 1003,2343 1003,2341 1000,2341 998,2341 996,2341 922,2343 920,2343 918,2343 904,2355 895,2362 865,2355 839,2348 837,2348 835,2348 796,2352 745,2362 736,2352 729,2348 729,2346 727,2346 724,2346 722,2346 720,2346 717,2346 708,2352 692,2366 448,2366 430,2350 427,2350 425,2350 423,2350 418,2350 338,2362 319,2348 317,2348 315,2348 312,2348 310,2348 308,2348 269,2364 236,2348 234,2348 119,2348 121,2405"/>
        <Baseline points="121,2405 1288,2396"/>
        <TextEquiv conf="0.9845570976083929">
          <Unicode>uthonne a enroint a ycelle partie</Unicode>
        </TextEquiv>
      </TextLine>

      
      
      <TextLine id="eSc_line_b7cafa73" custom="structure {type:default;}">
        <Coords points="1277,2398 1274,2398 1256,2405 1233,2398 1231,2398 1228,2398 1226,2398 1224,2398 1221,2398 1194,2421 805,2428 782,2417 780,2417 777,2417 775,2417 743,2428 720,2417 717,2417 715,2417 646,2431 625,2417 625,2415 623,2415 621,2415 618,2415 616,2415 614,2415 612,2417 586,2433 529,2433 503,2419 485,2410 483,2410 423,2410 421,2410 418,2410 416,2410 395,2421 379,2433 368,2424 356,2412 354,2412 352,2412 349,2412 266,2415 264,2415 262,2415 246,2426 223,2442 193,2428 170,2417 167,2417 165,2417 163,2417 126,2428 128,2481 128,2507 158,2516 161,2516 163,2516 165,2516 167,2516 179,2507 193,2495 257,2495 271,2502 287,2516 289,2516 292,2516 294,2516 296,2516 347,2500 372,2493 381,2500 402,2513 404,2513 407,2513 409,2513 411,2513 467,2497 508,2511 510,2511 513,2511 515,2511 517,2511 517,2509 533,2495 540,2488 561,2493 616,2507 618,2507 740,2488 745,2488 766,2502 768,2502 770,2502 773,2502 775,2502 809,2488 994,2500 996,2500 1134,2479 1304,2493 1306,2493 1309,2493 1405,2467 1410,2465 1516,2463 1516,2435 1507,2392 1447,2408 1424,2394 1417,2387 1415,2387 1412,2387 1410,2387 1408,2387 1378,2394 1352,2401 1334,2396 1311,2389 1309,2389 1306,2389 1304,2389 1281,2396 1277,2396 1277,2398"/>
        <Baseline points="128,2481 1224,2461 1516,2435"/>
        <TextEquiv conf="0.9526363764260266">
          <Unicode>x niolle hẽmie darmes uameredesfloie</Unicode>
        </TextEquiv>
      </TextLine>

      
      
      <TextLine id="eSc_line_143ebe0c" custom="structure {type:default;}">
        <Coords points="126,2543 126,2564 418,2578 421,2578 423,2578 483,2562 499,2559 600,2559 607,2562 644,2576 646,2576 648,2576 651,2576 678,2562 685,2557 692,2562 710,2573 713,2573 715,2573 717,2576 823,2576 823,2573 826,2573 858,2559 872,2555 883,2559 911,2571 913,2571 915,2571 1017,2559 1051,2569 1053,2569 1056,2569 1058,2569 1092,2557 1113,2553 1138,2557 1171,2564 1173,2564 1205,2557 1237,2550 1258,2557 1279,2564 1281,2564 1283,2564 1320,2557 1350,2550 1382,2555 1428,2564 1431,2566 1431,2564 1481,2555 1534,2546 1583,2555 1626,2562 1629,2562 1698,2553 1698,2523 1691,2472 1417,2486 1373,2474 1369,2474 1366,2474 1364,2474 1362,2474 1359,2474 1341,2488 1254,2477 1244,2477 1242,2477 1240,2477 1237,2477 1224,2488 1132,2479 1127,2479 1125,2479 1122,2479 1099,2490 1014,2479 1000,2479 998,2479 996,2479 991,2481 959,2493 920,2481 918,2481 915,2481 913,2481 904,2481 791,2495 124,2493 126,2543"/>
        <Baseline points="126,2543 1698,2523"/>
        <TextEquiv conf="0.9865201879770328">
          <Unicode>auuarderont le pas pour le gent paienme</Unicode>
        </TextEquiv>
      </TextLine>

      
      
      <TextLine id="eSc_line_790d3c1c" custom="structure {type:default;}">
        <Coords points="1665,2559 1375,2550 1373,2550 1371,2550 1369,2550 1362,2557 1355,2562 1332,2557 1302,2550 1300,2550 1267,2555 1217,2566 1191,2555 1180,2550 1178,2550 1175,2550 1173,2550 1171,2550 1164,2555 1148,2569 966,2569 950,2555 945,2550 943,2550 941,2550 938,2550 936,2550 929,2555 906,2566 842,2553 832,2553 830,2553 828,2553 826,2553 791,2569 598,2569 563,2553 561,2553 559,2553 556,2553 499,2566 464,2550 462,2550 460,2550 457,2550 455,2550 450,2550 407,2562 379,2550 377,2550 375,2550 372,2550 370,2550 368,2550 345,2569 287,2569 126,2550 126,2601 128,2642 161,2633 181,2642 207,2654 209,2654 211,2654 271,2642 312,2633 333,2642 361,2654 363,2654 365,2654 368,2654 370,2654 370,2651 384,2640 391,2635 416,2640 441,2645 444,2645 469,2640 515,2631 526,2640 529,2642 531,2642 533,2642 536,2642 566,2640 618,2633 637,2638 678,2654 681,2654 683,2654 685,2654 715,2638 727,2631 738,2638 763,2654 766,2654 768,2654 770,2654 773,2654 775,2654 798,2638 872,2661 874,2661 876,2663 957,2663 957,2661 959,2661 961,2661 977,2647 994,2661 996,2661 998,2661 1000,2663 1182,2663 1182,2661 1184,2661 1187,2661 1231,2633 1247,2633 1318,2631 1325,2633 1369,2661 1371,2661 1373,2661 1375,2663 1451,2663 1451,2661 1454,2661 1514,2635 1668,2628 1670,2596 1665,2559"/>
        <Baseline points="126,2601 966,2612 1670,2596"/>
        <TextEquiv conf="0.9699677312096884">
          <Unicode>et que u fiere gruant ossy ppesỹ ne isseme</Unicode>
        </TextEquiv>
      </TextLine>

      
      
      <TextLine id="eSc_line_f6598df7" custom="structure {type:default;}">
        <Coords points="161,2679 158,2707 234,2718 236,2718 239,2718 266,2707 299,2695 432,2707 478,2711 480,2711 483,2711 485,2711 490,2707 508,2697 694,2697 704,2707 717,2720 717,2723 720,2723 722,2723 724,2723 727,2723 729,2723 745,2709 826,2725 828,2727 971,2727 971,2725 973,2725 975,2725 996,2707 998,2704 1012,2707 1083,2727 1086,2727 1088,2727 1189,2709 1244,2720 1247,2720 1249,2720 1251,2720 1270,2707 1277,2704 1341,2707 1346,2681 1341,2638 1217,2628 1214,2628 1212,2628 1196,2635 1166,2651 1088,2651 780,2647 763,2635 752,2624 750,2624 747,2624 745,2624 699,2633 678,2638 658,2633 607,2624 605,2624 602,2624 577,2633 554,2642 536,2633 513,2622 510,2622 418,2622 416,2622 414,2622 379,2633 363,2638 347,2633 310,2622 308,2622 306,2622 161,2631 161,2679"/>
        <Baseline points="161,2679 1079,2691 1346,2681"/>
        <TextEquiv conf="0.9761695736838926">
          <Unicode>heuris cheuanchas se cheyalerie</Unicode>
        </TextEquiv>
      </TextLine>

      
      
      <TextLine id="eSc_line_78aaf5b8" custom="structure {type:default;}">
        <Coords points="138,2741 135,2769 379,2762 404,2771 423,2778 425,2778 427,2778 467,2771 508,2764 522,2771 531,2776 533,2776 536,2776 605,2771 674,2766 697,2771 738,2780 740,2780 786,2771 800,2769 812,2771 872,2783 874,2783 1076,2773 1136,2785 1138,2785 1214,2771 1228,2783 1228,2785 1231,2785 1233,2785 1235,2787 1323,2787 1323,2785 1325,2785 1359,2769 1362,2753 1357,2700 1306,2716 1286,2702 1283,2702 1281,2702 1279,2702 1277,2702 1254,2711 1244,2702 1244,2700 1242,2700 1240,2700 1157,2700 1155,2700 1152,2700 1115,2716 768,2711 750,2697 750,2695 747,2695 745,2695 743,2695 740,2695 738,2695 738,2697 722,2711 676,2695 671,2695 669,2695 667,2695 664,2695 662,2695 628,2711 501,2695 473,2693 471,2693 469,2693 467,2693 464,2695 446,2707 432,2695 430,2693 427,2693 425,2693 271,2691 269,2691 266,2691 264,2691 264,2693 262,2695 248,2707 138,2695 138,2741"/>
        <Baseline points="138,2741 1362,2753"/>
        <TextEquiv conf="0.9884550051811414">
          <Unicode>roit que il a a cantin ouui don assegie</Unicode>
        </TextEquiv>
      </TextLine>

      
      
      <TextLine id="eSc_line_9db741f6" custom="structure {type:default;}">
        <Coords points="128,2847 223,2831 312,2845 326,2847 329,2847 331,2847 338,2845 384,2831 432,2845 437,2845 439,2845 441,2845 444,2845 446,2845 473,2831 586,2831 600,2842 602,2842 605,2842 607,2842 621,2842 697,2833 734,2840 770,2847 773,2849 844,2849 844,2847 846,2847 849,2847 858,2838 869,2831 952,2838 1069,2847 1072,2847 1203,2833 1221,2833 1228,2833 1288,2847 1290,2847 1293,2847 1295,2847 1311,2835 1311,2812 1311,2776 1164,2776 1157,2771 1111,2760 1109,2760 1106,2760 1104,2760 1102,2760 1088,2771 1083,2773 1042,2771 931,2762 929,2762 885,2769 851,2773 844,2766 835,2760 835,2757 832,2757 830,2757 828,2757 777,2766 750,2771 738,2766 722,2757 720,2757 717,2757 715,2757 699,2764 685,2773 669,2764 655,2757 653,2757 651,2757 648,2757 628,2764 612,2769 531,2762 457,2757 455,2757 453,2757 437,2762 409,2769 395,2760 391,2757 388,2757 386,2757 264,2757 262,2757 250,2760 179,2773 131,2757 128,2812 128,2847"/>
        <Baseline points="128,2812 1311,2812"/>
        <TextEquiv conf="0.9412151075178578">
          <Unicode>ayens fu l garuis ose gent mala</Unicode>
        </TextEquiv>
      </TextLine>

      
      
      <TextLine id="eSc_line_797eecb9" custom="structure {type:default;}">
        <Coords points="186,2884 188,2916 243,2900 289,2914 292,2914 294,2914 370,2900 476,2914 492,2914 494,2914 497,2914 499,2914 499,2911 501,2911 513,2898 563,2911 566,2911 568,2911 570,2911 572,2911 575,2911 598,2898 773,2898 789,2909 793,2911 796,2911 798,2911 800,2911 839,2907 938,2895 1019,2904 1063,2909 1065,2909 1067,2909 1088,2904 1127,2893 1173,2902 1198,2907 1201,2907 1428,2898 1431,2875 1424,2822 1265,2835 1208,2822 1191,2817 1189,2817 1187,2817 1184,2817 1178,2822 1148,2838 991,2838 929,2822 911,2817 908,2817 906,2817 904,2817 901,2817 897,2822 874,2840 734,2840 669,2822 658,2819 655,2819 653,2819 625,2822 552,2831 510,2822 494,2819 492,2819 490,2819 480,2822 423,2845 345,2845 324,2824 324,2822 322,2822 319,2822 317,2822 184,2822 186,2884"/>
        <Baseline points="186,2884 1431,2875"/>
        <TextEquiv conf="0.9912591775258383">
          <Unicode>sa ditiasen frere quil aroit le maie</Unicode>
        </TextEquiv>
      </TextLine>

      
      
      <TextLine id="eSc_line_010f6374" custom="structure {type:default;}">
        <Coords points="154,2950 156,2987 197,2969 310,2969 349,2985 352,2985 354,2987 423,2987 423,2985 425,2985 427,2985 427,2983 430,2983 441,2969 513,2983 529,2985 531,2985 533,2985 536,2985 538,2983 563,2966 750,2966 775,2980 782,2983 784,2983 786,2983 789,2983 800,2978 837,2966 858,2978 867,2983 869,2983 872,2983 929,2978 1012,2969 1023,2976 1028,2980 1030,2980 1033,2980 1035,2980 1320,2971 1323,2944 1316,2898 1258,2900 1251,2895 1228,2881 1226,2881 1224,2881 1221,2881 1219,2881 1217,2881 1201,2895 1194,2900 1166,2895 1097,2884 1095,2884 1040,2895 1012,2900 1003,2893 989,2881 987,2881 984,2881 934,2881 931,2881 929,2881 927,2881 927,2884 915,2893 904,2902 874,2893 865,2891 862,2891 860,2891 858,2891 855,2891 855,2893 853,2893 844,2904 713,2904 701,2891 697,2888 697,2886 694,2886 692,2886 690,2886 658,2891 623,2898 614,2891 605,2884 602,2884 600,2884 598,2884 595,2884 577,2891 566,2895 556,2891 543,2884 540,2884 538,2884 536,2884 515,2891 471,2904 455,2891 453,2888 453,2886 450,2886 448,2886 446,2886 427,2891 391,2898 250,2891 248,2891 246,2891 243,2891 227,2902 151,2888 154,2950"/>
        <Baseline points="154,2950 1323,2944"/>
        <TextEquiv conf="0.9713176041841507">
          <Unicode>euris fist assalir le castel sans detrie</Unicode>
        </TextEquiv>
      </TextLine>

      
      
      <TextLine id="eSc_line_8ab6e037" custom="structure {type:default;}">
        <Coords points="1665,2948 1661,2946 1631,2955 1543,2946 1541,2946 1539,2946 1537,2946 1509,2964 1426,2948 1424,2948 1421,2948 1380,2964 1350,2946 1348,2946 1346,2946 1343,2946 1334,2946 1247,2966 1083,2953 1081,2953 1079,2953 1053,2964 1023,2950 1021,2950 1019,2950 1017,2950 1014,2950 1012,2950 973,2971 878,2971 853,2953 851,2950 849,2950 846,2950 844,2950 842,2950 832,2953 791,2969 710,2955 694,2953 577,2953 575,2953 572,2953 563,2957 533,2971 414,2962 411,2962 340,2973 324,2960 319,2957 319,2955 317,2955 315,2955 243,2955 241,2955 239,2955 236,2955 230,2960 211,2973 174,2962 172,3012 172,3045 246,3031 349,3045 375,3047 377,3047 395,3042 462,3029 671,3029 683,3038 690,3042 690,3045 692,3045 694,3045 697,3045 853,3035 885,3033 901,3033 1007,3042 1010,3042 1012,3042 1046,3031 1049,3031 1060,3031 1270,3040 1272,3040 1274,3040 1325,3026 1341,3022 1385,3024 1569,3038 1571,3038 1573,3038 1615,3019 1617,3019 1684,3019 1684,2996 1675,2950 1665,2948"/>
        <Baseline points="172,3012 1051,3015 1684,2996"/>
        <TextEquiv conf="0.951188631546803">
          <Unicode>es Il ui dut fourfait le moute dunaillu</Unicode>
        </TextEquiv>
      </TextLine>

      
      
      <TextLine id="eSc_line_2509334c" custom="structure {type:default;}">
        <Coords points="213,3144 213,3173 363,3167 377,3171 393,3178 395,3178 398,3178 400,3178 418,3171 434,3164 446,3171 457,3176 460,3176 462,3176 464,3176 467,3176 476,3171 485,3164 533,3169 598,3176 600,3176 602,3176 605,3176 618,3167 628,3162 639,3167 653,3173 655,3173 658,3173 853,3171 855,3171 876,3162 888,3160 941,3162 1067,3169 1069,3169 1072,3169 1102,3160 1111,3157 1125,3160 1191,3169 1194,3169 1196,3169 1198,3169 1217,3157 1221,3155 1233,3157 1281,3167 1283,3167 1375,3155 1401,3167 1403,3167 1405,3167 1663,3148 1665,3123 1658,3081 1569,3095 1546,3084 1543,3084 1486,3084 1405,3084 1403,3084 1401,3084 1398,3084 1380,3098 1244,3086 1237,3086 1235,3086 1233,3086 1231,3086 1217,3098 1063,3088 1053,3088 1051,3088 1049,3088 1000,3102 211,3100 213,3144"/>
        <Baseline points="213,3144 1120,3139 1665,3123"/>
        <TextEquiv conf="0.9612527586519718">
          <Unicode>sigurur deuant cautu fu herris iiii mous</Unicode>
        </TextEquiv>
      </TextLine>

      
      
      <TextLine id="eSc_line_0235362d" custom="structure {type:default;}">
        <Coords points="193,3208 197,3259 232,3231 287,3247 289,3247 292,3247 335,3238 368,3259 372,3261 375,3261 377,3261 379,3261 381,3261 393,3256 471,3231 600,3231 662,3245 676,3256 701,3277 704,3277 706,3277 708,3279 984,3279 984,3277 987,3277 1030,3256 1056,3245 1244,3254 1247,3254 1249,3254 1251,3254 1290,3231 1366,3256 1398,3265 1401,3265 1403,3265 1405,3265 1431,3256 1491,3231 1555,3247 1557,3247 1560,3247 1562,3247 1594,3231 1672,3254 1677,3206 1672,3162 190,3160 193,3208"/>
        <Baseline points="193,3208 1677,3206"/>
        <TextEquiv conf="0.9633688880847051">
          <Unicode>Conqque Ie ny fouisy li moute diue noue</Unicode>
        </TextEquiv>
      </TextLine>

      
    </TextRegion>
    
    <TextRegion id="eSc_textblock_843158b1"  custom="structure {type:text;}">
      <Coords points="1776,2373 1780,2373 1780,2389 1774,2389 1776,2373"/>
      
    </TextRegion>
    

    
  </Page>
</PcGts>
