3104 4140
1168 687 2581 795 Clymens ly apostoles ⁊ claux quil gouurena
1150 756 2630 850 Ouant ql uit leiz paiiens formear sespoenta
1136 814 2429 896 Uous che que cel foison il en y asambla
1412 871 2386 956 t rõme a se doe enstour ⁊ ounron
1141 915 2409 1021 lapostostole climeñs en fu en marison
1129 965 2473 1069 Pour che que Il uouloit auoir deffention
1171 1018 2473 1136 Tramist un messagier saus nul arestison
1141 1083 2358 1196 Dedeus constantinoble le chite de renon
1141 1131 2572 1260 nesz ly frans me sagiers̃ dont Ie fay mension
1260 1202 2436 1308 trouua pas authoine le noblis baron
1152 1265 2167 1361 Selaine oy conter conte lestablison
1171 1315 2468 1435 ers rõine Re paira quant il sceut lo coison
1148 1380 2241 1490 Ios de paieus passa coiement a laroi
1194 1442 2519 1540 et rentra dedens Rõme le chur de fachon
1187 1497 2549 1609 endemai droit aprime sy com lisant troeuon
1205 1554 2418 1660 en uiit glapostale que climeni otauon
1175 1614 2445 1715 de gieit le salua qui faufft souffri passion
1161 1681 2280 1768 siurs dist la uestole taies ueneiclon
1178 1722 2657 1823 et dist ly rois at authoies que tant a de reuon
1168 1789 2337 1872 ule uesrail aꝯdier amen loial besoinge
1164 1844 2404 1936 Aisoustenir le foy et le loy de Ihestun
1145 1899 2353 1987 Et amuettre aessil le lignge noron
1145 1950 2630 2040 pĩres dist ly mesaiges que uous celeroit on
1157 2005 2563 2102 Iois auchoures nest pas dedens se Region
1329 2063 2192 2152 st auruue grant cribulatioi
1148 2109 2544 2214 Car condet ly dounastes tout de sy le set on
1201 2168 2468 2263 quil espousast se fille ale clere fachon
1152 2219 2411 2325 mes elame le bille nor pas enteusion
1171 2263 2779 2380 Euelle espousast sen pere point nez ly uont abon
1164 2323 2554 2438 Quchois en est fuir par mer en un dopmon
1164 2373 2531 2502 Oe quoy ly rois ardyi se maistressi en carbon
1166 2442 2376 2557 Et puis entra en mer ⁊ oluy sy baron
1173 2500 2280 2631 Et a iure Iliũs et se grant nassion
1159 2562 2505 2688 quil ne d touruiree Iamais en se maison
1173 2633 2314 2743 Py ara retroune par aucune ocoison
1201 2693 2381 2799 e sille de ys meche que elame a anon
1182 2750 2340 2865 Et quant ly apostoles a oy lie faclion
1150 2812 2485 2930 Dont prent a soup̾rer se . main a sen mentun
1300 2872 2526 2964 daut ly sains apostales oit li me saii
1157 2911 2722 3029 Qui danthoine ly conte le mortel encõbrier
1178 2976 2342 3104 qdont en cõmencha forment a laranier
