<?xml version="1.0" encoding="UTF-8"  standalone="yes"?>
<PcGts xmlns="http://schema.primaresearch.org/PAGE/gts/pagecontent/2019-07-15" xmlns:xsi="http://www.w3.org/2001/XMLSchema-instance" xsi:schemaLocation="http://schema.primaresearch.org/PAGE/gts/pagecontent/2019-07-15 http://schema.primaresearch.org/PAGE/gts/pagecontent/2019-07-15/pagecontent.xsd">
  <Metadata>
	<Creator>escriptorium</Creator>
	<Created>2025-10-15T20:24:26.731051+00:00</Created>
        <LastChange>2025-10-15T20:24:26.731091+00:00</LastChange>

  </Metadata>
  <Page imageFilename="620416201_MS0742_0766_0170A.jpg" imageWidth="3104" imageHeight="4140">

    
    <TextRegion id="eSc_textblock_77c907b5"  custom="structure {type:text;}">
      <Coords points="1553,827 1661,827 1688,926 1642,1000 1479,1009 1468,1138 1670,1168 1661,1313 1762,1416 1762,1580 1580,1616 1477,1849 1541,2095 1661,2134 1661,2205 1596,2244 1560,2355 1550,2582 1477,2714 1486,2803 1569,2815 1615,2861 1606,3171 1504,3236 1010,3272 156,3236 202,3173 156,3180 92,3107 82,2932 64,2116 92,2033 147,2049 165,1968 92,1957 73,1911 73,965 202,938 1468,947 1553,827"/>
      
      
      <TextLine id="eSc_line_1e390f55" custom="structure {type:default;}">
        <Coords points="1277,945 1254,945 1231,945 1208,945 1171,954 1152,945 1148,942 1138,942 1115,942 1102,942 1099,945 1079,942 1069,942 1046,942 1023,942 1010,942 1007,945 1005,947 998,945 987,942 977,942 954,942 931,942 929,942 924,945 899,959 508,961 464,947 462,947 460,947 457,947 430,961 398,945 393,942 391,942 388,942 329,945 326,945 324,945 296,963 266,945 266,942 264,942 262,942 260,942 163,942 149,947 126,952 128,1002 128,1035 379,1018 531,1028 561,1030 563,1030 566,1030 572,1028 609,1016 628,1028 630,1028 632,1028 635,1028 1336,1014 1339,991 1332,947 1295,952 1286,947 1281,945 1277,945"/>
        <Baseline points="128,1002 1339,991"/>
        <TextEquiv conf="0.9873260114644025">
          <Unicode>y henry y mena a qui moult bien agree</Unicode>
        </TextEquiv>
      </TextLine>

      
      
      <TextLine id="eSc_line_2730437d" custom="structure {type:default;}">
        <Coords points="1003,995 1000,995 998,995 996,995 994,995 973,1009 885,1002 883,1002 881,1002 844,1016 780,1016 757,1000 754,1000 752,1000 750,1000 747,1000 745,1000 745,1002 727,1016 379,1009 375,1009 372,1009 370,1009 368,1009 368,1011 365,1011 356,1023 283,1011 280,1011 278,1011 276,1011 253,1028 188,1016 186,1016 184,1016 133,1030 80,1016 82,1062 82,1090 177,1097 179,1097 181,1097 200,1087 216,1078 294,1078 303,1085 310,1092 312,1092 315,1092 317,1094 370,1094 370,1092 372,1092 391,1081 402,1076 490,1078 616,1083 618,1083 621,1083 651,1074 658,1071 664,1074 685,1083 687,1083 690,1083 851,1081 853,1081 888,1067 895,1064 922,1064 1040,1074 1042,1074 1044,1074 1046,1074 1046,1071 1058,1062 1058,1060 1060,1062 1079,1071 1081,1071 1083,1074 1235,1074 1235,1071 1456,1048 1458,1028 1451,984 1362,986 1359,986 1325,1002 1159,995 1157,995 1028,1009 1005,995 1003,995"/>
        <Baseline points="82,1062 830,1053 1458,1028"/>
        <TextEquiv conf="0.980025558008088">
          <Unicode>iiues us dolins homa not teste armei</Unicode>
        </TextEquiv>
      </TextLine>

      
      
      <TextLine id="eSc_line_a9d41d5f" custom="structure {type:default;}">
        <Coords points="96,1122 96,1145 1251,1120 1251,1104 1247,1058 1030,1053 1028,1053 1026,1053 1023,1053 1010,1062 1003,1067 973,1062 934,1058 931,1058 929,1058 908,1064 895,1069 865,1064 816,1060 814,1060 773,1067 750,1071 734,1069 671,1058 669,1058 568,1074 556,1074 547,1074 476,1062 473,1062 471,1062 469,1062 469,1064 457,1074 444,1062 441,1062 439,1062 437,1062 434,1062 384,1076 377,1078 363,1078 239,1064 236,1064 234,1064 232,1064 232,1067 216,1081 216,1083 94,1083 96,1122"/>
        <Baseline points="96,1122 1251,1104"/>
        <TextEquiv conf="0.9608831067343016">
          <Unicode>t ailiomes ly Rois se loga en le pore</Unicode>
        </TextEquiv>
      </TextLine>

      
      
      <TextLine id="eSc_line_738b063a" custom="structure {type:default;}">
        <Coords points="1228,1106 1205,1106 1203,1106 1161,1115 998,1110 954,1110 952,1110 950,1110 941,1113 906,1122 717,1120 593,1120 591,1120 101,1140 103,1179 103,1207 1373,1163 1375,1140 1366,1099 1320,1110 1240,1104 1228,1106"/>
        <Baseline points="103,1179 858,1166 1375,1140"/>
        <TextEquiv conf="0.9984043052321986">
          <Unicode>euant bruges le grant a se tente leuer</Unicode>
        </TextEquiv>
      </TextLine>

      
      
      <TextLine id="eSc_line_84880c86" custom="structure {type:default;}">
        <Coords points="1608,1159 1585,1154 1562,1152 1548,1147 1539,1150 1537,1150 1534,1150 1502,1168 1293,1159 1290,1159 1288,1159 1286,1159 1265,1175 1187,1163 1184,1163 1102,1179 1060,1166 1051,1163 1049,1163 1046,1163 987,1166 984,1166 982,1166 980,1168 959,1184 867,1173 837,1170 835,1170 667,1175 664,1175 662,1175 662,1177 658,1179 646,1196 492,1198 457,1189 439,1182 437,1182 434,1182 432,1182 430,1182 418,1189 398,1200 204,1198 207,1235 207,1267 218,1276 220,1276 223,1276 225,1276 227,1276 230,1276 246,1262 250,1258 301,1258 308,1260 324,1274 326,1274 329,1274 331,1274 434,1271 563,1253 598,1248 612,1251 655,1265 658,1265 660,1265 662,1265 704,1248 706,1248 715,1248 814,1253 816,1253 819,1253 821,1253 821,1251 823,1251 828,1244 830,1242 839,1244 890,1258 892,1258 895,1258 897,1258 899,1258 899,1255 915,1242 918,1239 929,1242 966,1248 968,1248 971,1248 973,1248 984,1239 987,1237 996,1239 1044,1253 1046,1253 1049,1253 1051,1253 1053,1253 1079,1237 1081,1235 1097,1237 1198,1248 1201,1248 1318,1232 1373,1239 1375,1239 1378,1239 1380,1239 1380,1237 1392,1228 1405,1237 1408,1237 1410,1237 1412,1237 1415,1237 1451,1225 1468,1239 1470,1239 1472,1239 1474,1239 1477,1239 1479,1239 1479,1237 1495,1223 1497,1223 1502,1223 1573,1232 1576,1232 1578,1232 1624,1219 1624,1200 1617,1159 1608,1159"/>
        <Baseline points="207,1235 487,1237 1624,1200"/>
        <TextEquiv conf="0.9626744267268058">
          <Unicode>Iure dame dieu qui fist chiel et aoufie</Unicode>
        </TextEquiv>
      </TextLine>

      
      
      <TextLine id="eSc_line_e6039ac4" custom="structure {type:default;}">
        <Coords points="586,1235 570,1235 520,1244 483,1251 225,1251 220,1248 207,1239 204,1239 202,1239 200,1239 103,1251 105,1283 105,1299 255,1313 257,1313 381,1297 388,1297 416,1311 418,1311 421,1313 499,1313 499,1311 501,1311 538,1294 540,1294 543,1294 582,1306 584,1306 586,1306 589,1306 618,1294 694,1308 697,1308 768,1292 773,1292 780,1292 883,1304 885,1304 952,1290 954,1290 957,1290 991,1304 994,1304 996,1304 1127,1288 1134,1288 1136,1288 1155,1301 1157,1301 1159,1301 1161,1304 1279,1304 1279,1301 1389,1299 1392,1299 1421,1285 1484,1299 1486,1299 1488,1299 1532,1283 1534,1283 1626,1283 1626,1253 1619,1221 1306,1225 1304,1225 1302,1225 1274,1239 1042,1232 895,1228 892,1228 890,1228 888,1228 881,1235 874,1239 819,1237 734,1232 731,1232 729,1232 710,1239 692,1246 648,1239 607,1235 586,1235"/>
        <Baseline points="105,1283 1297,1274 1626,1253"/>
        <TextEquiv conf="0.9953931924842653">
          <Unicode>eiul ne se partira pour uent ne pour ieler</Unicode>
        </TextEquiv>
      </TextLine>

      
      
      <TextLine id="eSc_line_e7e3b450" custom="structure {type:default;}">
        <Coords points="1014,1276 1012,1276 1005,1276 994,1288 989,1290 971,1290 920,1285 918,1285 915,1285 913,1285 906,1290 897,1297 876,1292 835,1281 832,1281 830,1281 828,1281 826,1281 826,1283 814,1294 809,1297 805,1294 791,1283 789,1283 786,1283 784,1283 692,1294 543,1288 540,1288 538,1288 508,1304 503,1306 497,1304 453,1290 450,1290 448,1290 372,1308 356,1313 292,1313 289,1311 273,1297 273,1294 271,1294 269,1294 266,1294 264,1294 227,1313 225,1313 207,1304 204,1304 202,1304 92,1315 94,1354 94,1373 324,1375 326,1375 329,1375 331,1375 331,1373 335,1368 345,1361 395,1368 448,1373 450,1373 453,1373 455,1373 455,1370 460,1366 471,1354 515,1363 545,1370 547,1370 582,1363 639,1350 745,1359 793,1363 796,1363 798,1363 816,1359 855,1345 1346,1345 1350,1320 1343,1278 1049,1292 1037,1288 1017,1276 1014,1276"/>
        <Baseline points="94,1354 637,1329 1350,1320"/>
        <TextEquiv conf="0.9565774154018711">
          <Unicode>ara le uille prise et le terre aduree</Unicode>
        </TextEquiv>
      </TextLine>

      
      
      <TextLine id="eSc_line_59e0b43c" custom="structure {type:default;}">
        <Coords points="273,1407 273,1428 301,1442 303,1442 306,1442 471,1423 549,1432 552,1432 554,1432 556,1432 556,1430 575,1414 575,1412 614,1409 814,1405 819,1405 862,1419 865,1419 867,1419 869,1419 931,1400 936,1400 941,1400 975,1414 977,1414 980,1414 982,1414 1023,1400 1040,1414 1040,1416 1042,1416 1044,1416 1046,1416 1173,1400 1189,1412 1191,1412 1194,1412 1196,1412 1300,1398 1329,1407 1332,1407 1334,1407 1336,1407 1366,1391 1410,1400 1412,1400 1415,1400 1417,1400 1440,1384 1474,1393 1477,1393 1479,1393 1481,1393 1509,1380 1509,1361 1502,1322 1332,1334 1302,1329 1272,1324 1270,1324 1228,1331 1196,1338 1161,1336 1086,1327 1083,1327 1014,1340 994,1345 982,1343 950,1331 947,1331 945,1331 607,1343 605,1343 554,1359 554,1361 402,1366 400,1366 365,1352 363,1352 361,1352 358,1352 356,1352 331,1368 331,1370 271,1370 273,1407"/>
        <Baseline points="273,1407 791,1384 1263,1377 1509,1361"/>
        <TextEquiv conf="0.9725341200828552">
          <Unicode>iuiqua tournay na maison demouree</Unicode>
        </TextEquiv>
      </TextLine>

      
      
      <TextLine id="eSc_line_fd764840" custom="structure {type:default;}">
        <Coords points="94,1472 94,1499 368,1497 379,1494 462,1476 499,1494 506,1497 508,1497 510,1497 651,1494 653,1494 655,1494 660,1490 678,1476 697,1490 699,1492 701,1492 704,1492 791,1494 793,1494 796,1494 798,1494 805,1488 823,1474 977,1474 1003,1485 1005,1485 1007,1485 1010,1485 1023,1485 1134,1472 1189,1481 1244,1492 1247,1492 1249,1492 1288,1481 1318,1472 1352,1478 1373,1483 1375,1483 1378,1483 1389,1478 1408,1472 1546,1476 1585,1476 1652,1492 1654,1492 1741,1472 1744,1449 1741,1405 1530,1389 1527,1389 1525,1389 1523,1389 1502,1405 1493,1412 1470,1405 1415,1389 1412,1389 1247,1389 1244,1389 1122,1407 1051,1416 1012,1407 954,1391 952,1391 950,1391 867,1403 676,1391 674,1391 600,1409 554,1419 92,1412 94,1472"/>
        <Baseline points="94,1472 729,1462 835,1446 1744,1449"/>
        <TextEquiv conf="0.9739909612614176">
          <Unicode>dus l eono deois a ghomei nait arse et embrasa</Unicode>
        </TextEquiv>
      </TextLine>

      
      
      <TextLine id="eSc_line_a76398f2" custom="structure {type:default;}">
        <Coords points="89,1531 89,1550 1375,1529 1378,1511 1375,1465 1343,1455 1341,1455 1339,1455 1336,1455 1334,1455 1334,1458 1323,1467 1318,1474 1214,1474 1205,1469 1178,1460 1175,1460 1173,1460 1171,1460 1132,1472 1127,1472 1122,1472 1088,1458 1086,1458 1083,1458 858,1462 855,1462 803,1476 791,1478 770,1476 674,1467 671,1467 609,1481 579,1485 536,1481 441,1472 439,1472 437,1472 434,1472 418,1483 411,1488 402,1483 377,1474 375,1474 372,1474 370,1474 342,1485 329,1492 167,1492 156,1488 128,1476 126,1476 124,1476 121,1476 87,1485 89,1531"/>
        <Baseline points="89,1531 819,1508 1378,1511"/>
        <TextEquiv conf="0.9765768812762367">
          <Unicode>pis iy castram dont Iay fait deinfer</Unicode>
        </TextEquiv>
      </TextLine>

      
      
      <TextLine id="eSc_line_e888b1b3" custom="structure {type:default;}">
        <Coords points="85,1584 85,1614 167,1607 188,1616 204,1623 207,1623 209,1623 211,1623 232,1616 248,1609 292,1614 331,1619 333,1619 335,1619 338,1619 338,1616 342,1614 354,1603 391,1614 411,1619 414,1619 416,1619 572,1616 575,1616 577,1616 584,1609 602,1598 669,1609 676,1609 678,1609 681,1609 683,1609 706,1596 989,1591 1074,1605 1102,1607 1104,1607 1106,1607 1115,1603 1145,1589 1231,1598 1233,1598 1329,1586 1458,1598 1486,1600 1488,1600 1569,1598 1571,1598 1573,1598 1596,1582 1746,1593 1748,1554 1741,1520 1580,1522 1573,1520 1546,1511 1543,1511 1541,1511 1465,1522 1440,1524 1431,1522 1410,1513 1408,1513 1405,1513 1348,1522 1320,1527 1306,1522 1283,1515 1281,1515 1279,1515 1208,1524 1161,1529 1138,1524 1104,1517 1102,1517 1019,1527 936,1534 803,1527 717,1524 715,1524 713,1524 697,1529 660,1538 490,1531 476,1531 473,1531 471,1531 469,1531 453,1543 260,1534 248,1534 246,1534 243,1534 200,1547 82,1536 85,1584"/>
        <Baseline points="85,1584 1748,1554"/>
        <TextEquiv conf="0.9846166981591119">
          <Unicode>ut le gent Roy auttpine Rropt malement ꝯrenee</Unicode>
        </TextEquiv>
      </TextLine>

      
      
      <TextLine id="eSc_line_a6bbd635" custom="structure {type:default;}">
        <Coords points="92,1649 92,1669 262,1665 271,1667 315,1681 317,1681 319,1681 322,1681 324,1681 347,1665 349,1662 352,1665 370,1678 372,1678 375,1678 377,1678 501,1665 513,1674 513,1676 515,1676 517,1676 520,1676 522,1676 556,1660 561,1658 563,1660 575,1672 577,1672 579,1672 582,1672 671,1662 738,1674 740,1674 874,1653 895,1651 938,1651 943,1651 968,1669 971,1669 973,1669 975,1669 977,1669 1033,1655 1118,1667 1120,1667 1122,1667 1168,1646 1187,1662 1187,1665 1189,1665 1191,1665 1194,1665 1343,1662 1346,1662 1348,1662 1373,1644 1426,1655 1428,1655 1431,1655 1465,1639 1465,1621 1461,1591 1371,1573 1369,1573 1366,1573 1364,1573 1339,1591 1334,1591 1249,1577 1247,1577 1244,1577 1242,1577 1242,1580 1228,1591 1226,1596 1104,1596 1021,1593 812,1584 809,1584 807,1584 786,1596 770,1605 669,1605 660,1596 653,1589 651,1589 648,1589 646,1589 644,1589 641,1589 632,1596 618,1605 602,1596 589,1589 586,1589 584,1589 582,1589 563,1596 533,1607 430,1598 386,1593 317,1593 315,1593 312,1593 310,1593 306,1598 280,1612 89,1600 92,1649"/>
        <Baseline points="92,1649 1465,1621"/>
        <TextEquiv conf="0.9899324398291739">
          <Unicode>et ou douaysiet ore ot une coie quaree</Unicode>
        </TextEquiv>
      </TextLine>

      
      
      <TextLine id="eSc_line_707a8a11" custom="structure {type:default;}">
        <Coords points="94,1699 94,1722 149,1713 165,1722 174,1729 177,1729 179,1729 181,1729 220,1722 257,1713 273,1720 294,1729 296,1729 299,1729 342,1720 363,1715 395,1718 471,1727 473,1727 529,1715 536,1715 540,1715 570,1727 572,1727 575,1727 577,1727 579,1727 579,1724 591,1715 598,1708 685,1708 697,1713 722,1724 724,1724 727,1724 729,1724 761,1713 775,1708 897,1708 899,1711 908,1718 908,1720 911,1720 913,1720 915,1720 918,1720 920,1720 931,1711 934,1706 938,1711 961,1722 964,1722 966,1724 1159,1724 1159,1722 1161,1722 1191,1708 1219,1720 1221,1720 1224,1720 1226,1720 1228,1720 1249,1706 1398,1720 1401,1720 1403,1720 1438,1701 1438,1688 1433,1649 858,1649 855,1649 853,1649 849,1651 830,1660 770,1651 752,1649 750,1649 734,1651 692,1660 669,1651 660,1649 658,1649 655,1649 653,1649 641,1651 600,1662 473,1653 444,1651 441,1651 425,1653 354,1665 92,1655 94,1699"/>
        <Baseline points="94,1699 1438,1688"/>
        <TextEquiv conf="0.9585666546696111">
          <Unicode>Lelle tour dout Ie dy Iu en yaue rolee</Unicode>
        </TextEquiv>
      </TextLine>

      
      
      <TextLine id="eSc_line_4d34c6ac" custom="structure {type:default;}">
        <Coords points="89,1750 92,1777 121,1766 204,1777 236,1780 239,1780 266,1775 322,1766 333,1775 349,1787 352,1787 354,1787 356,1787 358,1787 361,1787 375,1777 386,1787 388,1787 391,1787 393,1789 524,1789 524,1787 526,1787 556,1773 662,1787 664,1787 667,1787 669,1787 697,1770 701,1768 704,1770 713,1777 713,1780 715,1780 717,1780 791,1784 793,1784 796,1784 828,1768 835,1766 842,1768 885,1784 888,1784 890,1784 892,1784 895,1784 895,1782 913,1768 918,1764 945,1764 950,1766 966,1782 966,1784 968,1784 971,1784 973,1787 1014,1787 1014,1784 1458,1759 1458,1736 1451,1695 1359,1711 1256,1697 1254,1697 1251,1697 1249,1697 1226,1715 1072,1715 1053,1699 1053,1697 1051,1697 1049,1697 1046,1697 1044,1697 982,1713 943,1699 941,1699 878,1697 851,1697 849,1697 846,1697 844,1697 826,1711 766,1697 761,1697 759,1697 757,1697 754,1697 734,1715 676,1699 674,1699 671,1699 586,1715 522,1701 520,1701 517,1701 515,1701 492,1715 365,1699 358,1699 356,1699 354,1699 352,1699 324,1718 179,1718 87,1701 89,1750"/>
        <Baseline points="89,1750 1150,1750 1458,1736"/>
        <TextEquiv conf="0.9854183728630478">
          <Unicode>In ne lepot asser de bien demn lieure</Unicode>
        </TextEquiv>
      </TextLine>

      
      
      <TextLine id="eSc_line_fa5fa183" custom="structure {type:default;}">
        <Coords points="167,1812 170,1846 227,1833 271,1844 273,1844 276,1846 377,1846 508,1846 508,1844 510,1844 513,1844 533,1833 602,1844 614,1844 616,1844 632,1842 713,1833 740,1842 750,1844 752,1844 754,1844 757,1844 768,1842 803,1833 851,1842 874,1844 876,1844 878,1844 890,1839 913,1833 1092,1837 1097,1810 1092,1768 165,1764 167,1812"/>
        <Baseline points="167,1812 1097,1810"/>
        <TextEquiv conf="0.9736765881379446">
          <Unicode>sarazin y ot en le tour garita</Unicode>
        </TextEquiv>
      </TextLine>

      
      
      <TextLine id="eSc_line_32241164" custom="structure {type:default;}">
        <Coords points="1056,1812 1053,1812 1028,1821 1003,1830 987,1821 968,1812 966,1812 964,1812 961,1812 959,1812 945,1821 924,1835 694,1837 667,1823 664,1823 662,1823 660,1823 658,1823 655,1823 625,1837 598,1826 593,1823 591,1823 589,1823 586,1823 579,1826 510,1842 446,1826 432,1823 430,1823 427,1823 425,1823 423,1826 400,1844 386,1833 384,1833 381,1833 379,1833 301,1846 94,1830 96,1867 96,1899 625,1908 628,1908 906,1902 908,1902 911,1902 911,1899 922,1890 936,1902 938,1902 941,1902 943,1902 1044,1899 1046,1899 1095,1881 1159,1897 1161,1897 1164,1897 1401,1872 1401,1851 1396,1819 1164,1807 1161,1807 1159,1807 1157,1807 1157,1810 1145,1819 1143,1821 1129,1821 1058,1812 1056,1812"/>
        <Baseline points="96,1867 388,1881 814,1879 1401,1851"/>
        <TextEquiv conf="0.9537838647762934">
          <Unicode>ru onquxs nuer Sien ne le uiergeloee</Unicode>
        </TextEquiv>
      </TextLine>

      
      
      <TextLine id="eSc_line_774b91cc" custom="structure {type:default;}">
        <Coords points="186,1931 188,1966 211,1954 296,1964 349,1971 352,1971 354,1971 377,1964 407,1954 563,1961 724,1968 727,1968 814,1959 835,1957 851,1957 936,1966 938,1966 941,1966 973,1957 1003,1948 1049,1954 1090,1961 1092,1961 1095,1961 1111,1954 1127,1948 1141,1954 1159,1961 1161,1961 1164,1961 1166,1961 1168,1961 1175,1954 1184,1948 1382,1950 1387,1918 1382,1881 1208,1881 1205,1881 1203,1881 1173,1892 1155,1881 1152,1879 1150,1879 1148,1879 1046,1879 1044,1879 1042,1879 1035,1881 1007,1892 938,1883 936,1883 722,1897 368,1888 365,1888 363,1888 361,1888 361,1890 349,1899 184,1885 186,1931"/>
        <Baseline points="186,1931 862,1938 1387,1918"/>
        <TextEquiv conf="0.9791908246629378">
          <Unicode>dpar mara din gar doit celle ꝯtree</Unicode>
        </TextEquiv>
      </TextLine>

      
      
      <TextLine id="eSc_line_09035df8" custom="structure {type:default;}">
        <Coords points="207,2005 223,2005 223,1994 223,1952 209,1948 207,1994 207,2005"/>
        <Baseline points="207,1994 223,1994"/>
        <TextEquiv>
          <Unicode></Unicode>
        </TextEquiv>
      </TextLine>

      
      
      <TextLine id="eSc_line_5fdd0ef2" custom="structure {type:default;}">
        <Coords points="255,1994 255,2026 874,2028 876,2028 878,2028 897,2021 931,2012 980,2021 1005,2026 1007,2026 1010,2026 1021,2021 1051,2010 1104,2010 1115,2021 1118,2021 1118,2023 1120,2023 1122,2023 1125,2023 1127,2023 1141,2021 1191,2007 1306,2017 1309,2017 1401,2003 1493,2017 1497,1977 1493,1936 1389,1929 1387,1929 1339,1938 1316,1943 1297,1941 1265,1931 1263,1931 1260,1931 1258,1931 1256,1931 1247,1941 1240,1948 1037,1948 1014,1948 922,1938 920,1938 918,1938 915,1938 915,1941 906,1950 904,1952 757,1954 713,1954 508,1945 506,1945 253,1964 255,1994"/>
        <Baseline points="255,1994 759,2005 1497,1977"/>
        <TextEquiv conf="0.9904989753450666">
          <Unicode>ristiel a denay dont Ie fas mension</Unicode>
        </TextEquiv>
      </TextLine>

      
      
      <TextLine id="eSc_line_f70e0a79" custom="structure {type:default;}">
        <Coords points="1332,1984 1329,1984 1325,1984 1325,1987 1300,2005 1279,1994 1277,1994 1274,1994 1272,1994 1240,2007 1205,1989 1191,1989 1187,1989 1159,2007 1143,1996 1141,1996 1138,1996 1136,1996 1134,1996 1092,2010 1056,2000 1053,2000 1051,2000 1049,2000 1012,2019 938,2005 936,2005 869,2019 816,2003 800,2003 740,2021 653,2010 651,2010 648,2010 612,2021 589,2003 586,2003 584,2003 582,2003 579,2003 577,2003 554,2021 414,2019 391,2003 388,2003 386,2003 384,2003 283,2010 264,1996 264,1994 262,1994 260,1994 179,1994 181,2042 181,2070 388,2067 402,2070 450,2079 453,2079 455,2079 478,2070 487,2065 501,2070 563,2086 566,2086 568,2088 747,2088 747,2086 899,2070 1023,2083 1026,2083 1028,2083 1030,2083 1051,2067 1106,2081 1109,2081 1111,2081 1113,2081 1161,2065 1175,2060 1187,2065 1210,2072 1212,2072 1214,2072 1295,2063 1323,2060 1329,2063 1343,2074 1346,2074 1348,2074 1350,2074 1352,2074 1355,2074 1373,2063 1378,2058 1385,2063 1403,2076 1405,2076 1408,2076 1410,2076 1412,2076 1415,2076 1433,2063 1433,2033 1428,1987 1334,1984 1332,1984"/>
        <Baseline points="181,2042 793,2058 1433,2033"/>
        <TextEquiv conf="0.9919323937312977">
          <Unicode>auoit un castelain qui ayt malay chon</Unicode>
        </TextEquiv>
      </TextLine>

      
      
      <TextLine id="eSc_line_26c7c3e9" custom="structure {type:default;}">
        <Coords points="110,2125 253,2125 273,2136 276,2136 278,2136 280,2136 283,2136 310,2127 356,2143 358,2143 361,2143 363,2143 365,2143 395,2120 398,2120 483,2120 503,2136 506,2136 508,2136 807,2141 809,2141 1152,2113 1270,2136 1272,2136 1364,2134 1366,2134 1405,2116 1445,2134 1447,2134 1449,2134 1451,2134 1454,2134 1488,2109 1488,2088 1484,2042 1440,2042 1438,2042 1435,2042 1433,2042 1410,2060 1387,2042 1385,2042 1382,2042 1380,2042 1378,2042 1327,2056 1304,2042 1302,2042 1300,2042 1297,2042 1295,2042 1293,2042 1251,2063 1228,2051 1226,2051 1224,2051 1221,2051 1178,2065 1159,2049 1157,2049 1155,2049 1152,2049 1150,2049 1097,2067 1014,2067 994,2053 991,2053 989,2053 987,2053 984,2053 982,2053 959,2067 846,2058 844,2058 575,2072 556,2060 554,2060 552,2060 549,2060 547,2060 545,2060 545,2063 533,2074 457,2074 398,2051 395,2051 393,2051 329,2053 326,2053 324,2053 310,2065 296,2053 294,2053 292,2053 110,2053 110,2079 110,2125"/>
        <Baseline points="110,2079 255,2097 734,2111 1488,2088"/>
        <TextEquiv conf="0.9771980660302299">
          <Unicode>aii de par maradui gardoit le Rgion</Unicode>
        </TextEquiv>
      </TextLine>

      
      
      <TextLine id="eSc_line_05a7a495" custom="structure {type:default;}">
        <Coords points="108,2148 108,2194 257,2178 280,2194 283,2194 285,2194 287,2194 354,2180 464,2196 469,2196 471,2196 473,2196 552,2180 575,2194 577,2194 579,2194 582,2194 584,2194 586,2194 609,2180 729,2196 731,2196 805,2185 876,2198 881,2198 883,2198 885,2198 920,2185 1260,2201 1295,2201 1297,2201 1300,2201 1302,2201 1346,2185 1408,2196 1410,2196 1553,2185 1578,2201 1580,2201 1583,2201 1585,2203 1652,2203 1654,2164 1649,2134 1578,2116 1396,2116 1394,2116 1392,2116 1357,2129 1346,2132 1316,2127 1219,2113 936,2113 934,2113 931,2113 929,2113 929,2116 922,2120 911,2132 832,2132 805,2120 800,2118 798,2118 796,2118 759,2118 533,2127 510,2113 506,2111 503,2111 501,2111 499,2111 497,2111 490,2113 457,2129 358,2129 342,2116 340,2116 338,2116 335,2116 333,2116 331,2116 319,2125 108,2109 108,2148"/>
        <Baseline points="108,2148 660,2168 1654,2164"/>
        <TextEquiv conf="0.9857786553246635">
          <Unicode>u ne peult prendre le castiel par nulcoron</Unicode>
        </TextEquiv>
      </TextLine>

      
      
      <TextLine id="eSc_line_be369818" custom="structure {type:default;}">
        <Coords points="639,2168 616,2168 598,2166 579,2178 561,2166 547,2166 533,2164 531,2166 480,2180 441,2164 439,2164 437,2164 434,2164 393,2180 345,2164 342,2164 340,2164 338,2164 283,2178 264,2164 264,2162 262,2162 260,2162 257,2162 151,2168 112,2157 110,2205 108,2228 393,2251 395,2251 398,2251 444,2235 446,2235 559,2235 570,2237 618,2254 621,2254 623,2254 699,2240 717,2237 727,2240 768,2256 770,2256 773,2256 775,2256 819,2242 821,2242 823,2242 883,2256 885,2256 888,2256 927,2244 934,2242 943,2244 982,2258 984,2258 987,2258 989,2258 991,2258 1010,2247 1012,2244 1017,2247 1056,2258 1058,2258 1060,2258 1523,2254 1525,2226 1525,2185 1504,2173 1502,2173 1500,2173 1320,2171 1318,2171 1316,2171 1313,2171 1297,2182 1286,2189 1203,2180 1175,2178 1173,2178 1171,2178 1166,2180 1148,2189 1125,2178 1109,2171 1106,2171 1104,2171 1102,2171 1099,2171 1090,2178 1072,2187 775,2187 648,2168 639,2168"/>
        <Baseline points="110,2205 690,2224 1525,2226"/>
        <TextEquiv conf="0.9756278624901404">
          <Unicode>ar ly aris cloemi qui dieu puche pardon</Unicode>
        </TextEquiv>
      </TextLine>

      
      
      <TextLine id="eSc_line_c84e87c3" custom="structure {type:default;}">
        <Coords points="94,2265 92,2281 124,2300 126,2300 128,2300 195,2288 211,2304 211,2306 213,2306 216,2306 455,2311 457,2311 460,2311 462,2311 483,2295 485,2295 595,2295 616,2300 635,2306 637,2306 639,2306 681,2304 717,2300 727,2304 740,2316 743,2316 745,2316 747,2316 750,2316 752,2316 766,2306 777,2300 809,2309 839,2316 842,2316 844,2316 846,2316 867,2309 895,2302 918,2311 927,2316 929,2316 931,2316 973,2313 1090,2306 1113,2318 1118,2323 1120,2323 1122,2323 1125,2323 1184,2323 1451,2313 1488,2332 1491,2334 1493,2334 1495,2336 1555,2336 1557,2297 1555,2251 1500,2260 1461,2249 1456,2247 1454,2247 1451,2247 1449,2247 1447,2247 1428,2260 1371,2260 1352,2247 1352,2244 1350,2244 1348,2244 1346,2244 1343,2244 1341,2244 1325,2256 1283,2244 1281,2244 1279,2244 1274,2244 1143,2254 1044,2237 1033,2237 1030,2237 1028,2237 1026,2237 1007,2249 966,2237 964,2237 961,2237 722,2244 582,2228 579,2228 510,2240 306,2221 301,2221 299,2221 296,2221 216,2233 94,2217 94,2265"/>
        <Baseline points="94,2265 1557,2297"/>
        <TextEquiv conf="0.9675229794449276">
          <Unicode>Iuoit sis par deuant uit .ui. mois ou enueron</Unicode>
        </TextEquiv>
      </TextLine>

      
      
      <TextLine id="eSc_line_d2cf8129" custom="structure {type:default;}">
        <Coords points="103,2327 101,2357 174,2348 299,2364 310,2364 312,2364 315,2364 317,2364 331,2350 368,2364 372,2366 375,2366 377,2366 395,2366 476,2357 483,2366 485,2366 485,2369 487,2369 490,2369 492,2369 494,2369 499,2366 524,2352 549,2369 552,2369 554,2369 720,2371 722,2371 724,2371 727,2371 745,2357 816,2357 966,2375 1000,2378 1003,2378 1021,2375 1109,2362 1132,2378 1134,2380 1136,2380 1138,2380 1141,2380 1155,2378 1217,2364 1359,2380 1364,2350 1362,2316 1290,2302 1288,2302 1286,2302 1265,2311 1263,2313 1258,2311 1233,2300 1231,2300 1228,2300 1010,2304 890,2306 865,2300 839,2293 837,2293 835,2293 796,2297 754,2304 745,2297 738,2290 736,2290 734,2290 731,2290 687,2295 623,2302 230,2297 103,2279 103,2327"/>
        <Baseline points="103,2327 1364,2350"/>
        <TextEquiv conf="0.9766992427207328">
          <Unicode>sourny auoit ꝯquise celle chit de non</Unicode>
        </TextEquiv>
      </TextLine>

      
      
      <TextLine id="eSc_line_b6a35084" custom="structure {type:default;}">
        <Coords points="163,2394 161,2424 377,2415 421,2428 423,2428 425,2428 427,2428 469,2415 485,2428 485,2431 487,2431 490,2431 492,2431 524,2431 775,2417 791,2431 791,2433 793,2433 796,2433 798,2433 830,2433 1072,2419 1086,2431 1086,2433 1088,2433 1090,2433 1092,2433 1295,2421 1316,2435 1318,2435 1320,2435 1323,2438 1398,2438 1401,2403 1398,2371 1318,2355 1191,2355 1189,2355 1187,2355 1184,2355 1166,2369 1164,2369 1145,2369 1042,2357 1040,2357 851,2364 798,2366 793,2364 775,2350 773,2350 770,2350 768,2350 704,2364 697,2366 490,2366 483,2362 467,2348 464,2348 462,2348 460,2348 163,2357 163,2394"/>
        <Baseline points="163,2394 1401,2403"/>
        <TextEquiv conf="0.9909296257155282">
          <Unicode>preuost pot mis qui cuer et de lion</Unicode>
        </TextEquiv>
      </TextLine>

      
      
      <TextLine id="eSc_line_2a354e49" custom="structure {type:default;}">
        <Coords points="154,2447 151,2477 255,2477 278,2484 312,2495 315,2495 317,2495 319,2495 322,2495 322,2493 331,2486 338,2479 361,2486 386,2493 388,2493 391,2493 430,2488 494,2479 556,2490 591,2497 593,2497 595,2497 612,2493 644,2481 658,2493 671,2507 674,2507 676,2507 678,2507 681,2507 715,2495 745,2486 763,2495 766,2495 768,2495 865,2484 918,2502 950,2511 952,2511 954,2511 1125,2507 1231,2504 1502,2516 1507,2474 1502,2433 922,2435 883,2426 858,2419 855,2419 853,2419 851,2419 835,2426 819,2431 803,2424 766,2410 763,2410 667,2408 664,2408 662,2408 660,2408 644,2421 609,2408 607,2408 605,2408 602,2408 600,2408 579,2421 575,2426 570,2421 547,2408 545,2408 543,2408 540,2408 538,2408 503,2419 494,2408 492,2408 492,2405 490,2405 487,2405 485,2405 416,2417 296,2403 294,2403 154,2417 154,2447"/>
        <Baseline points="154,2447 784,2456 899,2472 1115,2481 1507,2474"/>
        <TextEquiv conf="0.9607105690079767">
          <Unicode>ne pooit mai fanre maradin uni uouton</Unicode>
        </TextEquiv>
      </TextLine>

      
      
      <TextLine id="eSc_line_1aedc727" custom="structure {type:default;}">
        <Coords points="71,2442 108,2456 142,2461 140,2451 112,2442 71,2428 71,2442"/>
        <Baseline points="108,2456 112,2442"/>
        <TextEquiv conf="0.4689231216907501">
          <Unicode>¶</Unicode>
        </TextEquiv>
      </TextLine>

      
      
      <TextLine id="eSc_line_6bd079a6" custom="structure {type:default;}">
        <Coords points="110,2511 112,2550 135,2532 149,2543 151,2543 154,2543 156,2543 269,2532 499,2555 501,2555 605,2539 662,2559 664,2559 667,2559 669,2559 715,2541 913,2543 945,2566 947,2566 950,2566 1074,2571 1076,2571 1092,2571 1175,2562 1334,2576 1352,2576 1355,2576 1357,2576 1401,2555 1435,2578 1438,2578 1440,2578 1442,2580 1527,2580 1530,2546 1530,2504 1403,2490 1401,2490 1362,2500 1334,2504 964,2500 830,2484 734,2474 731,2474 729,2474 713,2481 690,2490 671,2479 664,2474 662,2474 660,2474 658,2474 616,2479 517,2488 501,2474 497,2472 497,2470 494,2470 492,2470 490,2470 487,2470 476,2474 448,2486 414,2472 404,2470 402,2470 400,2470 398,2470 395,2470 393,2472 377,2484 342,2470 340,2470 338,2470 335,2470 333,2470 331,2470 283,2484 236,2467 230,2465 227,2465 110,2465 110,2511"/>
        <Baseline points="110,2511 839,2525 1099,2543 1530,2546"/>
        <TextEquiv conf="0.98409833704553">
          <Unicode>rop maintenoit de uerre maradin ce diston</Unicode>
        </TextEquiv>
      </TextLine>

      
      
      <TextLine id="eSc_line_2bc5cc64" custom="structure {type:default;}">
        <Coords points="151,2564 149,2585 216,2585 218,2587 234,2599 234,2601 236,2601 239,2601 241,2601 473,2599 593,2596 664,2605 704,2610 706,2610 734,2608 798,2603 807,2612 814,2617 814,2619 816,2619 819,2619 821,2619 858,2615 895,2608 924,2617 950,2624 952,2624 954,2624 1083,2624 1306,2622 1447,2638 1451,2596 1447,2557 1240,2564 1198,2550 1189,2548 1187,2548 1184,2548 1166,2550 1095,2559 938,2543 918,2543 915,2543 913,2543 911,2543 888,2553 872,2543 869,2541 867,2541 865,2541 862,2541 844,2541 784,2548 763,2541 740,2532 738,2532 736,2532 612,2536 549,2539 522,2534 453,2523 450,2523 448,2523 411,2532 395,2536 388,2532 377,2523 377,2520 375,2520 372,2520 285,2518 283,2518 280,2518 253,2530 246,2532 243,2527 230,2518 230,2516 227,2516 225,2516 223,2516 151,2525 151,2564"/>
        <Baseline points="151,2564 1056,2601 1451,2596"/>
        <TextEquiv conf="0.9851553778390627">
          <Unicode>Roy heury ot mir en trop malle prison</Unicode>
        </TextEquiv>
      </TextLine>

      
      
      <TextLine id="eSc_line_7aac91f5" custom="structure {type:default;}">
        <Coords points="144,2615 142,2642 161,2658 163,2658 165,2658 167,2658 170,2658 172,2658 172,2656 188,2642 234,2642 299,2656 301,2656 303,2656 319,2647 335,2661 335,2663 338,2663 340,2663 342,2663 669,2656 701,2672 704,2672 706,2672 922,2663 968,2661 980,2663 1010,2674 1012,2674 1014,2674 1106,2668 1148,2665 1157,2670 1178,2684 1180,2684 1182,2684 1184,2684 1187,2684 1219,2672 1233,2668 1251,2672 1293,2684 1295,2684 1297,2684 1334,2674 1336,2654 1334,2610 144,2582 144,2615"/>
        <Baseline points="144,2615 476,2638 1336,2654"/>
        <TextEquiv conf="0.9856516648741329">
          <Unicode> une fosse fu ains telle ne uit on</Unicode>
        </TextEquiv>
      </TextLine>

      
      
      <TextLine id="eSc_line_23d20035" custom="structure {type:default;}">
        <Coords points="681,2642 678,2642 676,2642 674,2642 646,2656 632,2661 572,2661 566,2651 556,2645 556,2642 554,2642 552,2642 549,2642 476,2649 430,2654 421,2647 398,2633 395,2633 393,2633 391,2633 388,2633 386,2633 386,2635 372,2647 365,2651 338,2645 312,2640 310,2640 287,2642 255,2649 246,2642 232,2631 232,2628 230,2628 227,2628 225,2628 154,2638 154,2681 151,2704 163,2714 165,2714 167,2714 170,2714 172,2714 174,2714 190,2702 289,2702 326,2720 329,2720 331,2720 402,2709 448,2723 450,2723 453,2723 572,2716 575,2716 678,2730 681,2730 683,2730 701,2720 710,2716 738,2723 793,2734 796,2734 945,2730 1090,2727 1106,2739 1113,2743 1115,2743 1118,2743 1120,2743 1143,2739 1189,2730 1424,2750 1428,2718 1428,2679 1352,2661 1350,2661 1267,2658 1265,2658 1263,2658 1260,2658 1260,2661 1244,2674 1242,2679 1194,2679 1125,2674 1122,2670 1109,2658 1106,2658 1104,2658 1102,2658 1026,2668 1000,2670 991,2665 954,2649 952,2649 757,2647 754,2647 752,2647 727,2658 715,2663 706,2656 683,2642 681,2642"/>
        <Baseline points="154,2681 1428,2718"/>
        <TextEquiv conf="0.9899232652452257">
          <Unicode>pentrams et culeuures y auoit afison</Unicode>
        </TextEquiv>
      </TextLine>

      
      
      <TextLine id="eSc_line_e34289d3" custom="structure {type:default;}">
        <Coords points="112,2732 110,2757 331,2757 368,2769 379,2773 381,2773 384,2773 427,2771 510,2766 536,2776 545,2778 547,2778 549,2778 552,2778 556,2776 572,2766 584,2776 586,2780 589,2780 591,2780 593,2780 618,2778 690,2769 710,2780 713,2783 715,2783 717,2783 819,2787 821,2787 839,2785 904,2776 947,2789 957,2792 959,2792 961,2792 984,2789 1083,2780 1111,2794 1115,2796 1118,2796 1120,2796 1122,2796 1125,2796 1125,2794 1141,2783 1182,2796 1184,2796 1187,2796 1189,2796 1256,2785 1329,2801 1334,2769 1332,2723 1118,2727 1028,2711 1019,2711 1017,2711 1014,2711 1012,2711 975,2723 957,2709 954,2709 952,2709 950,2709 943,2709 885,2720 809,2707 807,2707 757,2716 736,2702 734,2702 731,2702 729,2702 727,2702 724,2702 681,2714 662,2700 660,2700 658,2700 655,2700 644,2700 513,2709 434,2693 430,2693 427,2693 421,2693 287,2702 112,2684 112,2732"/>
        <Baseline points="112,2732 754,2760 1334,2769"/>
        <TextEquiv conf="0.991161476343106">
          <Unicode>⁊ quant heury se uit en sy faite prison</Unicode>
        </TextEquiv>
      </TextLine>

      
      
      <TextLine id="eSc_line_c1ba55e7" custom="structure {type:default;}">
        <Coords points="1042,2764 1040,2764 1019,2766 968,2778 915,2764 904,2764 881,2762 874,2764 830,2773 683,2771 669,2757 651,2757 648,2755 648,2757 602,2766 554,2753 549,2750 536,2750 517,2753 455,2762 444,2750 441,2750 441,2748 439,2748 437,2748 434,2748 432,2748 425,2750 386,2760 368,2748 363,2743 361,2743 358,2743 356,2743 354,2743 340,2748 303,2757 98,2741 98,2785 96,2812 103,2819 103,2822 105,2822 108,2822 110,2822 112,2822 115,2822 131,2808 133,2808 218,2808 220,2810 243,2831 246,2831 248,2831 250,2831 370,2817 375,2817 381,2817 471,2835 473,2835 476,2835 515,2822 526,2819 538,2824 600,2842 602,2842 605,2842 607,2842 639,2826 646,2824 819,2833 830,2833 862,2849 865,2849 867,2849 952,2840 966,2852 966,2854 968,2854 971,2854 973,2854 1092,2845 1138,2858 1141,2858 1143,2858 1145,2858 1168,2847 1180,2840 1187,2847 1203,2861 1205,2861 1208,2861 1210,2861 1212,2861 1254,2849 1277,2845 1336,2852 1341,2817 1341,2778 1138,2769 1136,2769 1125,2771 1081,2780 1053,2769 1044,2764 1042,2764"/>
        <Baseline points="98,2785 936,2817 1341,2817"/>
        <TextEquiv conf="0.9919795603365511">
          <Unicode>dame dieu peclama qui seuffry passion</Unicode>
        </TextEquiv>
      </TextLine>

      
      
      <TextLine id="eSc_line_f9816f08" custom="structure {type:default;}">
        <Coords points="1583,2831 1355,2822 1352,2822 1350,2822 1348,2822 1339,2829 1323,2840 1118,2840 1053,2826 1010,2819 1005,2819 982,2819 975,2819 922,2826 860,2833 846,2824 844,2822 842,2822 839,2822 837,2822 791,2824 727,2829 720,2824 710,2815 710,2812 708,2812 706,2812 644,2810 641,2810 639,2810 609,2822 600,2826 598,2822 584,2812 584,2810 582,2810 579,2810 444,2810 441,2810 439,2810 437,2810 421,2822 418,2822 416,2822 384,2808 381,2808 379,2808 377,2808 375,2808 375,2810 363,2819 363,2822 358,2819 319,2806 317,2806 315,2806 177,2817 177,2863 174,2888 644,2884 708,2898 710,2898 713,2898 759,2886 826,2902 830,2902 1030,2907 1033,2907 1035,2907 1037,2907 1056,2895 1136,2907 1152,2909 1155,2909 1168,2909 1267,2893 1332,2911 1336,2911 1339,2911 1341,2911 1348,2911 1431,2895 1585,2914 1589,2884 1589,2838 1583,2831"/>
        <Baseline points="177,2863 1589,2884"/>
        <TextEquiv conf="0.9787637188627913">
          <Unicode>d⟧ carterier le garde qui ait manchon</Unicode>
        </TextEquiv>
      </TextLine>

      
      
      <TextLine id="eSc_line_be2dd056" custom="structure {type:default;}">
        <Coords points="715,2872 692,2872 669,2872 648,2870 637,2870 635,2870 632,2870 605,2877 586,2884 572,2877 559,2870 554,2870 531,2870 529,2870 485,2875 437,2879 425,2872 416,2868 416,2868 393,2868 372,2868 340,2870 253,2877 140,2865 140,2904 138,2937 179,2937 181,2937 197,2950 197,2953 200,2953 202,2953 204,2953 296,2941 317,2939 333,2941 388,2957 391,2957 393,2957 395,2957 441,2946 453,2944 455,2946 471,2960 473,2960 476,2960 554,2962 556,2962 628,2953 660,2948 681,2955 715,2964 717,2964 720,2964 812,2957 897,2953 911,2962 918,2969 920,2969 922,2969 924,2969 957,2964 980,2960 1012,2964 1060,2973 1063,2973 1092,2969 1141,2957 1182,2971 1198,2976 1201,2976 1203,2976 1205,2976 1212,2971 1237,2960 1438,2962 1454,2980 1456,2980 1456,2983 1458,2983 1461,2983 1463,2985 1560,2985 1562,2941 1560,2907 1433,2888 1431,2888 1224,2895 1157,2898 1083,2898 1076,2891 1060,2879 1058,2879 1056,2879 1053,2879 1051,2879 1017,2891 1003,2893 941,2888 800,2875 717,2872 715,2872"/>
        <Baseline points="140,2904 754,2937 1562,2941"/>
        <TextEquiv conf="0.9609407622639726">
          <Unicode>in chascun iour le bat le dos et le creqi</Unicode>
        </TextEquiv>
      </TextLine>

      
      
      <TextLine id="eSc_line_138866af" custom="structure {type:default;}">
        <Coords points="147,2976 144,3003 317,3006 319,3008 333,3022 333,3024 335,3024 338,3024 340,3024 342,3024 375,3010 377,3010 407,3026 409,3026 411,3026 522,3015 559,3010 568,3015 586,3029 589,3029 591,3029 593,3029 690,3019 747,3012 869,3024 994,3033 996,3033 1053,3029 1150,3017 1263,3033 1272,3033 1274,3033 1277,3033 1279,3033 1325,3019 1405,3035 1410,2994 1401,2946 1339,2962 1283,2948 1281,2948 1279,2948 1277,2948 1274,2948 1249,2964 1194,2946 1191,2946 1189,2946 1187,2946 1141,2957 1104,2948 1102,2948 1099,2948 1097,2948 1095,2948 1076,2962 862,2962 823,2941 821,2941 747,2939 745,2939 743,2939 740,2939 713,2960 658,2960 605,2939 602,2939 600,2939 598,2939 595,2939 595,2941 577,2957 517,2939 515,2939 513,2939 510,2939 508,2939 492,2950 425,2937 423,2937 421,2937 418,2937 391,2953 375,2937 375,2934 372,2934 370,2934 368,2934 365,2934 324,2953 294,2937 292,2937 289,2937 287,2937 253,2948 147,2932 147,2976"/>
        <Baseline points="147,2976 697,3001 1410,2994"/>
        <TextEquiv conf="0.9706046299801933">
          <Unicode>omande luy estoit du conte de Regnon</Unicode>
        </TextEquiv>
      </TextLine>

      
      
      <TextLine id="eSc_line_0eb51b45" custom="structure {type:default;}">
        <Coords points="115,3031 115,3058 167,3058 167,3031 167,3001 115,2992 115,3031"/>
        <Baseline points="115,3031 167,3031"/>
        <TextEquiv conf="0.9949000477790833">
          <Unicode>ii</Unicode>
        </TextEquiv>
      </TextLine>

      
      
      <TextLine id="eSc_line_8f348658" custom="structure {type:default;}">
        <Coords points="828,3001 763,3003 600,3015 579,3003 575,2999 572,2999 570,2999 568,2999 566,2999 549,3003 506,3015 460,3001 437,2996 434,2996 432,2996 430,2996 416,3001 388,3012 347,3001 329,2996 326,2996 324,2996 184,2999 184,3033 181,3061 283,3063 306,3079 308,3079 310,3079 312,3079 315,3079 365,3065 444,3079 446,3079 529,3068 545,3081 547,3081 549,3081 552,3081 651,3072 747,3084 750,3084 752,3084 780,3072 968,3086 971,3086 1037,3075 1088,3086 1090,3086 1092,3086 1095,3086 1125,3072 1171,3088 1173,3088 1175,3088 1346,3072 1348,3056 1346,3010 1168,3006 1166,3006 1164,3006 1159,3008 1134,3022 1109,3008 1104,3006 1102,3006 1099,3006 1097,3006 1095,3006 1092,3008 1069,3022 922,3022 853,3006 830,3001 828,3001"/>
        <Baseline points="184,3033 464,3052 1348,3056"/>
        <TextEquiv conf="0.9402310699224472">
          <Unicode>Riche Roy qoury dõn mainte horron</Unicode>
        </TextEquiv>
      </TextLine>

      
      
      <TextLine id="eSc_line_6a7fd095" custom="structure {type:default;}">
        <Coords points="105,3079 103,3114 188,3104 190,3086 190,3045 108,3042 105,3079"/>
        <Baseline points="105,3079 190,3086"/>
        <TextEquiv conf="0.961176335811615">
          <Unicode>ore</Unicode>
        </TextEquiv>
      </TextLine>

      
      
      <TextLine id="eSc_line_edbc119c" custom="structure {type:default;}">
        <Coords points="651,3054 648,3054 646,3054 637,3056 577,3070 543,3054 540,3054 538,3054 536,3054 529,3054 444,3068 418,3054 418,3052 416,3052 414,3052 411,3052 409,3052 407,3052 388,3065 340,3052 338,3052 335,3052 333,3052 331,3052 329,3052 329,3054 312,3068 239,3052 239,3098 236,3132 358,3123 409,3137 411,3137 414,3137 418,3137 480,3123 508,3137 510,3139 513,3139 515,3139 554,3139 791,3127 805,3139 805,3141 807,3141 809,3141 812,3144 945,3144 945,3141 947,3141 980,3127 1125,3144 1141,3144 1143,3144 1157,3144 1300,3130 1313,3141 1313,3144 1316,3144 1318,3144 1320,3144 1323,3144 1523,3132 1587,3146 1592,3109 1589,3068 1336,3061 1334,3061 1313,3063 1249,3075 1233,3063 1233,3061 1231,3061 1228,3061 1226,3061 1224,3061 1221,3061 1221,3063 1208,3077 1053,3077 1026,3061 1021,3058 1019,3058 1017,3058 1014,3058 1010,3061 975,3075 814,3075 784,3058 782,3058 780,3058 678,3070 655,3056 653,3054 651,3054"/>
        <Baseline points="239,3098 908,3116 1592,3109"/>
        <TextEquiv conf="0.9909105996290842">
          <Unicode>eul que pain et yaue le croy ne dãnoit on</Unicode>
        </TextEquiv>
      </TextLine>

      
      
      <TextLine id="eSc_line_62abebca" custom="structure {type:default;}">
        <Coords points="457,3171 457,3190 982,3192 984,3192 987,3192 1023,3180 1033,3178 1035,3180 1044,3190 1046,3190 1049,3190 1051,3192 1159,3192 1159,3190 1161,3190 1164,3190 1178,3178 1180,3178 1267,3187 1270,3187 1272,3187 1313,3176 1318,3173 1320,3176 1329,3183 1329,3185 1332,3185 1334,3185 1336,3185 1465,3171 1468,3155 1461,3116 455,3130 457,3171"/>
        <Baseline points="457,3171 1468,3155"/>
        <TextEquiv conf="0.9668682992458344">
          <Unicode>Roy heury en le carore la quõ</Unicode>
        </TextEquiv>
      </TextLine>

      
      
      <TextLine id="eSc_line_d8f05929" custom="structure {type:default;}">
        <Coords points="1012,3164 1010,3164 998,3169 980,3176 777,3173 563,3171 561,3171 246,3185 248,3215 253,3284 264,3275 278,3282 285,3286 287,3286 289,3286 292,3286 294,3286 294,3284 296,3282 315,3265 354,3279 356,3279 358,3279 473,3265 485,3277 492,3282 492,3284 494,3284 497,3284 499,3286 554,3286 554,3284 826,3279 828,3279 830,3279 846,3268 865,3256 915,3265 975,3277 977,3277 980,3277 1007,3263 1028,3254 1099,3261 1166,3268 1168,3268 1171,3268 1173,3268 1184,3259 1196,3252 1504,3252 1504,3196 1495,3157 1456,3169 1341,3160 1320,3160 1318,3160 1306,3162 1260,3171 1095,3167 1014,3164 1012,3164"/>
        <Baseline points="248,3215 867,3219 1504,3196"/>
        <TextEquiv conf="0.9381449474021792">
          <Unicode>iime qourure estoit e auis batus</Unicode>
        </TextEquiv>
      </TextLine>

      
    </TextRegion>
    

    
  </Page>
</PcGts>
