3104 4140
1380 1023 2544 1117 Qluir de an. perpoure chest siue uerite
1491 1087 2650 1173 sauuerent Ilencuea che dist lanctorctes
1454 1150 2602 1237 pres lotesse uout la fu son corgi cõbren
1454 1200 2399 1283 lame su cõbret oussy alautre leñ
1438 1253 2715 1347 re le palais le manrs que uien esoit ꝑren
1410 1301 2602 1403 larchenesque de coure fuau matin leuẽs
1509 1368 2604 1462 martin fu oluy que moult en fu prions
1435 1357 1474 1437 En
1419 1412 2597 1506 tuant ourentle uoise martia sest aualen
1546 1474 2648 1561 mere est uenua con trent par les costen̾
1419 1513 2653 1614 Icheux qui le tenaient sest martunarestei᷑
1426 1575 2880 1665 eigtieur qua fait le dame que uous che aieuri
1417 1630 2457 1722 a lai ie chr ueus ila xane passer
1410 1678 2600 1789 da quel ne fu Reprise uaillissant ini des
1435 1738 2494 1830 re dest una uarles au coy le liuereit
1440 1789 2623 1890 ar chest fame leury denaliterre faueil
1465 1844 2756 1943 noy que chest uomore parienqͥui sie peura
1431 1897 2926 1998 ar moult bien uoui tesomble et de boichi et de nar
1495 1952 2731 2044 quant martine lentent ly sans ly est miteit
1507 2012 2630 2090 uant martuz a li rose oue et escouter
1495 2060 2692 2150 tuelomne aqui il amariti aumoiue cdõner
1440 2102 2595 2219 stoit famne hory ⁊ moullier et espousu
1417 2152 1585 2221 orle
1856 2187 2595 2272 smoris sa le sou lour mine
1445 2180 1705 2279 Rgura
1753 2237 2701 2325 elanir moult fu en grant peusser
1431 2263 2524 2375 dout len apelae uoiant tout lassambler
1408 2323 2554 2421 lame che dist martines ale chieri mẽbrer
1488 2373 2450 2490 uoui couir de Siru qu fiest chule
1438 2412 1518 2497 II
1555 2435 2501 2532 uousme ueullus /la ou uoin mee
2583 2410 2825 2534 ASito
1580 2500 2512 2596 uous estes famne baptisie et leuer
1385 2518 1523 2596 stuo
1566 2550 2560 2665 uo uie me soit chy endroit Racõtee
1378 2569 1612 2670 Gire chi
1656 2610 2528 2716 Ast le dame elame sun clamoi
1486 2638 1610 2718 fuioi
1668 2674 2560 2766 oroy lemy denglcterre lelir
1481 2707 2643 2833 de bon Roy authome fuy iadie engeree
1474 2764 2786 2911 quant martiis uenteut qui le chiere ot seme
1371 2789 1638 2884 Se mere
1723 2845 2436 2934 ua baisier de luy fu acolir
1364 2865 2671 3010 Et puis uy adit duore uout soirs bien trouou
1419 2921 2542 3065 dui est quene pasmos ⁊ se mere uerser
1405 2992 2689 3123 ⁊ uns pardelis lautrie fu luin demy lenre
1401 3031 1532 3123 Que
1576 3058 2485 3173 As ni ny ot mot ne parole cõpet
1415 3116 2501 3226 e geut quist otei fu boimet esgaree
1369 3178 2457 3268 ataut est ousioir ale chiere mluẜre
1352 3217 2774 3330 Reuant Il percipit martini ale urãche quarie
