3104 4140
1189 687 2662 807 papes paiiens est queus nogent saillent auant
1118 814 2731 903 uaiien y acourilent auais cle ne uault noiant
1164 765 2583 857 hil de qiet lassaillirent la le uout machdlant
1118 915 2353 1016 Enfuile sontourne l petit et ly grant
1173 871 2600 956 le adhuerest mort lorez se uout esuaiant
1118 975 2535 1074 Ghil qui pot retourner ne sen ua delaiant
1118 1037 2634 1138 Et se nent pore eureux se se met en agarant
1106 1104 2839 1202 auchoures ⁊ ly sien les uout bñ ett⟧ enchachant
1115 1161 2526 1260 Par dessus ly marine en yot de mors tant
1111 1225 2602 1324 ue ne le uous dirot nus ilers quisoit lisant
1109 1294 2496 1393 Le bataille est uainttie le roy ua petoirnant
1113 1357 2386 1444 ꝑu rõme le chite ua uistement entant
1129 1419 2379 1497 lasse et rauilliet estoient ly auquant
1106 1474 2443 1568 Iapostole de rõme les ua bien Ifegtiant
1132 1531 2374 1632 l uint au roy anthoure se le ua a colant
1079 1596 2353 1697 Par deuerle palaiñ se uout achemmnant
1136 1660 2602 1759 U̾iaux fieux dist la pestole moult as le cuer uaillant
1228 1701 2975 1835 tant Rouit aues huy fait darmes o perixle mesc̾ant
1088 1796 2390 1890 Rõme aues deliure sen ay le dier piant
1067 1853 2600 1950 Gains peres dist auchoines tenes moy conuenant
1076 1929 2443 2021 Quant la postole loit sy mua son samblant
1065 1991 2429 2086 Pour che quile ueult en largu dedeuant
1086 2060 2583 2155 Les tables furent mises aͬ mengier uout seant
1088 2125 2485 2212 Et furent uien seruy du tout a leur cõmant
1092 2180 2558 2283 pres souper sen uoit as hosteux Repairant
1076 2249 2570 2336 Nuthomes ly boius rois se ua matin leuant
1076 2309 2307 2405 Et deuers le palais se ua ailtemmnant
1076 2362 2531 2484 Reuer fist lapostole que moult̾ se ua hastant
1060 2440 2284 2541 Lapostole de rõme se reuesty errant
1065 2488 2560 2610 Et print les armes dieu le messe uacantant
1063 2571 2556 2674 Et fist une pierde priere a dieu le roy amant
1019 2635 2326 2743 Quil uosist rauoier antliome le uaillarit
1212 2704 2397 2808 sapostole de rõme se uessy et para
1132 2773 2365 2861 Ades armes Mũkrist le messe canta
1081 2831 2473 2923 n faisant le mestier nostre seigneur pria
1049 2884 2604 2976 Qui luy doinst une preuple et ly demonstrer la
1184 2955 2510 3024 oriclie roy autlidine plame grace doma
1056 2996 2554 3093 Cuespansea puist se silleque cant de biantea
