3104 4140
147 922 1732 1069 ha este prer me mere que de maux uoꝰ sist tant
131 1007 1424 1117 er len ay fait ardoir de deus un feu urugũt
133 1074 1318 1170 donquee ua celaun le stoitpere a colant
140 1131 1415 1228 iere chi dist elaine le pardon uoꝰ e mait
126 1170 1507 1278 dir crauel et I. pame que uous a loi souffrant
154 1230 1412 1340 fille che dist ly Rois nales de che pardant
142 1267 1762 1398 ar chest par men quamet que uo gent corps polaisant
142 1340 1596 1449 sonffert tant de maulx ⁊ de mesquirs pesans
181 1405 1481 1506 n prie ae diru merchi et a uoui ensieuant
154 1458 1364 1559 don ly ua elamo uõurmẽtpardõnant
188 1517 1320 1621 fu grande la Ioie ou palais Relu sant
186 1559 1511 1669 pois fist farre .uii. luia que ny ua atargant
158 1626 1451 1711 our che quo le Romre ot mie son samblant
250 1678 1435 1757 na prmes le I ualy rous Rrcissant
149 1727 1615 1814 ua lou Ia lais son ua le come bacestuaigaiant
144 1768 1421 1862 ont Q uint se cou lour et le se ma cangante
138 1826 1500 1911 dieux dist le roy anchome or auge men iean
142 1883 1392 1964 dauit saite marie Ie uous uir qr acians
151 1934 1417 2014 pleurent teurement ln pitit et sygrant
151 1982 1346 2070 ieury ꝓ leure de ioie se Rame ua uaisant
154 2037 1346 2111 a lh uine une uois qui ly dist en oiant
156 2081 1408 2166 carn Roy dengliterre Ihũs te ua mandant
172 2125 1615 2219 ne let urac re moullier uoisses martin uaillat
179 2189 1493 2279 t le uoist au mõglon iustrmet Raioustant
213 2249 1286 2332 Ie roy que Ihũs le coy de ueliant
200 2302 1451 2385 fera pour uous tous tel miraile sy grant
158 2355 1527 2442 uout uous serea ensamble uaut liet et prant
172 2408 1527 2500 et quant heury loy deu en uagratiant
163 2454 1067 2550 rision apela se ly dist en oyais
156 2486 1914 2601 naux sces⟧ fieux le urach uo mere me baillros maitinant
207 2564 1412 2656 brisses Rexpondy tout a uostre ꝯmant
225 2615 1525 2704 brach tret du coffin au goyle ua baillant
218 2672 1647 2762 ly adia prent le brach martin le ua luerant
170 2720 1560 2819 t quant martuis le tront moult le uaa colant
151 2780 1389 2877 pouchomẽt le baisa soy ua agenoullant
181 2822 1631 2937 t dist biais sire dieux urais peres Royamant
239 2895 1647 2999 uou geyque faichies tel miracle a pairant
177 2941 1633 3061 out me pere et me mere uoisse Reconfortant
289 3024 1635 3118 I damoisaux maituia qui ltout ot Renõmee
285 3081 1405 3173 de auist an genous en le sale ꝙaure
266 3146 1438 3252 dist un orison qui doit estre ascouts
