3104 4140
1580 892 1716 1016 72
128 1021 1417 1122 De le noble chite que tournan on clomoit
128 1083 1670 1170 eruys le castelain que lile ⟦aipthmet gonu̾noir
131 1133 1249 1228 lche castelet uint et se sy herbegoit
227 1191 1610 1297 ly uous Rois authoies que cresbies le scrauoit
167 1258 220 1322 st
239 1248 1293 1354 uenus ou castelet assalir le faisoit
128 1304 1470 1409 nalostrus salit hors qui pouit ne sesmaioi
151 1368 1509 1453 uo sen che nal auouta que duremẽt amoit
142 1412 1357 1511 Ar oyce dit felon ꝑ cõment il sestloitoit
131 1465 1224 1557 le bailles du castel sen uint et son
172 1501 1612 1619 uant il uit los uenir sen chouae s brochoet
195 1580 1398 1672 noent un arbalistre auol uarous traixĩt
218 1637 1283 1722 crstlne ochist achie qui bun traioit
138 1681 1652 1773 Euant on le cuide prendre bion Reculer se auoit
174 1738 1293 1828 quant ot Reculet asses tos sauanchoe
167 1789 1587 1883 heux qui a luy aquellrẽt asses tos petuit decisoit
119 1851 1573 1945 Do lant fi. Roi authones scrchirs quant la perchoit
158 1911 1550 1996 afait paire en uant que prendre le poroit
158 1966 1306 2044 ne nule mars dor sui pñter ly fere
140 2014 1290 2099 ont peinssies ueiz cõment on lasaloi
117 2033 1801 2162 nais ama quil Re cournast moult de mauxx ueurfaison
131 2120 1364 2201 x. cessiens ochist o Rraire fort et roit
172 2171 1472 2260 gentreux chenaliers y ochist la endroit
186 2226 1656 2316 Consues sureit authoine dont fort ly auoioit
121 2286 1532 2373 inhonies fa dobant de ebre que ma lostrus
179 2348 1339 2426 ot ses hõmes mort ochis et ꝯfou dui
128 2398 1442 2484 qure dame dicu qui maint ou chiel la sus
135 2451 1461 2543 mmait ioye nara se sera eent pendur
119 2495 326 2576 ̃penir
513 2504 1555 2594 londonl quo castiel est repue
186 2543 1219 2642 fu uitriur d bnc qui sie graus et
1352 2557 1378 2631 d
108 2596 1601 2695 dout fu au castiel pua graicẽ assauho Renduer
101 2668 1493 2748 iuquell mais acistiel ne fu sy graua uens
103 2718 1507 2815 nes Cartilerie estoit sy crosbien poueneue
103 2778 1488 2870 uuxttes et quariaux y ot x mulle ou plus
103 2831 1645 2930 a by castiaux ie coy se uert pus ne tenqus
119 2888 1684 2994 que que la de dens soit uns quariaux dt̾dananus
117 2955 1589 3052 ant y et de no gent de mori et de uaincuer
103 3008 1525 3107 ue couuert en esfoit Ey camps ⁊ un palus
149 3063 1629 3164 purs dura lassault auant quil fust mui qus
186 3114 356 3180 ons
372 3123 1665 3219 Ie gana ly asaulx qu castul marasin
174 3169 494 3249 Sichenirn
149 3224 473 3295 ne suer
570 3185 1306 3272 le desfent ly felan saro
554 3240 1555 3351 auelionne brison de martin
