3104 4140
1412 961 2369 1060 uy son esper son fil son pere
1332 1030 2289 1110 Aqui fuch lille espense et mere
1336 1076 2250 1161 Isiuelement par deuant ln
1366 1133 2531 1219 Sa genoulla deuant le criant merchy
1369 1191 2416 1278 er disant chiers fieux glorieux
1364 1251 2533 1334 pien qert que mames paramores
1348 1297 2202 1377 nant amoy est es aparir
1343 1340 2588 1460 Iax lonc tamps manit grief malsentu
1339 1393 2250 1490 Car des qme souuent estoi
1362 1439 1550 1513 de scpite
1316 1499 2432 1596 Poit che que point de ꝯpaignie
1755 1460 2420 1540 u y eus plouroie
1325 1557 2289 1646 hauoie sieuxore uous merclys
1325 1603 2399 1697 ꝑuant coutre mon trespassement
1364 1660 2287 1750 ester uenue du sirmament
1369 1708 2181 1800 ay qrant ioie de uo uenue
1369 1761 2243 1851 Eudiast aues uo leug emre
1316 1821 2248 1906 Oun pen uenir cparler ammy
1371 1879 2353 1957 ar cercamemuent qi uous dy
1309 1929 2459 2017 Iay le cuer moult plain de cristour
1306 1984 2351 2065 Spur terre dengms̃ aunt et iour
1440 2037 2280 2125 fuisse morte sans dport
1283 2090 2275 2187 Se de uous ⁊ nensse confort
1311 2145 2337 2242 Doule fiens dist le uierge loir
1313 2205 2356 2293 uous manes moult Resconfortee
1304 2274 2156 2355 Irrus encoire suy en esmay
1304 2327 2291 2415 Ouue cose que Ie uous dray
1302 2380 2846 2486 prans tres doult fieno et biame doulz peree
1318 2449 1401 2518 Ia
1442 2449 2268 2536 lige uo dolente more
1309 2504 1343 2559 ¶
1401 2507 2273 2596 mlut e t iour suy esbalsu
1415 2557 1939 2645 nay uo confori
2013 2566 2179 2635 cnie
1458 2603 2482 2693 ar que noul uous requirour
1302 2654 2448 2743 Dune cose que nous uanr deront
1293 2704 2310 2799 py uoue pry que oncouclusion
1380 2760 2386 2849 ue uous ⁊ me ueullies acorder
1302 2808 2395 2900 Che que uous moree demands
1313 2863 2372 2955 le poil quen croit fustes pengus̾
1295 2916 2528 3017 En le Roie tous nos et tous descaul
1445 2985 2080 3068 uy d les toy lanemy
1295 3035 2068 3130 qui atẽ doit lame deti
1288 3095 2296 3190 Ei pour chou en ꝯige⁊paoir
1290 3155 2393 3284 pt a mon cuer grande hidour
