3104 4140
294 717 1610 804 suis filz ⁊ certoons que loyaument maina
202 775 1316 853 Ee che fu ghũlrist que bien y asena
188 823 1438 917 pdent ly rois heuris limagy bassier ua
177 871 1601 952 Qdour lamour de se fame que loiaumont ama
186 919 1394 1016 Euly le roy hemry sur che point sainsa
177 970 1497 1060 Er dist que le rout que sen corps espousa
181 1028 1329 1106 Est de constangmoble le chite pardela
177 1085 1403 1163 Ensy remest ly t rois ⁊ ainsy se concha
184 1131 1352 1205 Iusque au matmet que lenris se leua
181 1184 1433 1278 Armer a fait ses hõmes ⁊ mersmes sariua
227 1239 1355 1338 et uesty le haubert ⁊ sen elme la cha
179 1301 1309 1398 Et a pris le blason que loiaument ama
170 1345 1477 1458 Pour lymage se famne que on y poitura
170 1421 1362 1513 Souner a fait ses rorps ⁊ se guit ordena
170 1474 1311 1580 Et puis a lapostole uistement sen a la
172 1527 1352 1644 Et le benerchon uriement ly demaia
174 1580 1548 1706 Quant ly papes comens le uit ⁊ regarda
190 1660 1297 1773 ymage de le seut longnement ainsa
170 1708 1550 1835 piis Regarde es pilers lonchenant ꝑ uisa
151 1770 1465 1908 Pour lymage au blason les aultres Raiusa
213 1839 1484 1959 Et puis au ron heury uistement demanda
165 1904 1458 2005 our quoy paindres le fist et tilly demsa
190 1957 1589 2060 Que pour la mour se faine ou tant de biante a
202 2026 1329 2122 ⁊ mist celle sain blanchizr on ly ordena
167 2079 1635 2173 Ou non de sa moulier que moult bien rasambla
276 2136 1479 2228 auis peres dist heuris a le clriere hardie
262 2189 1560 2290 ymage a mon blason pour certain seurfie
158 2242 1385 2348 Eue de telle biante est me fame garme
181 2293 1631 2417 Qui uoit cestuy mmage il uoit me doucleaune
170 2373 1313 2465 Car ens ou ron dely fu yc entaillie
163 2417 1725 2520 Quant ly papes le lentent tenrement en larmie
158 2481 1580 2576 Diup fieryꝯ dist la postole Ie uous a certesie
161 2543 1670 2633 Etuer uouaaues me meche amoullier nochiee
158 2599 1442 2700 Elame le courtoise que tant est agensie
161 2656 1502 2771 Ene pour pequiet laissur a se terre guerque
156 2730 1405 2835 Dedens constantmoble ia fu se signourie
147 2799 1543 2902 CSains peres che dy ne uous en desdy mie
179 2856 1426 2957 me famne ne cõnois nely ne se ligne
161 2918 1488 3003 nes elame aanou ien ay me ron mentie
154 2976 1546 3084 Car en conuent hyeux quant ui fis departie
