3104 4140
1350 756 2669 867 Rechut moult biel don ⁊ puis sen fu ales
1237 814 2873 919 Tout droitement uers londres que est bõms chues
1313 880 2832 982 t le uielle mauuaise au point ne maiit bõtes
1240 945 2452 1055 Apris un mesagier destrantys heritre
1247 991 2774 1108 Et puis lun apres lautre les ales bries luiris
1277 1055 2526 1182 Et enuoies au conte de gerars fu claines
1258 1099 2639 1255 Ly premiers mefagier sest tellement hostel
1254 1173 2680 1315 quil est ens ou palaisz ysmellemeiat euldelz
1267 1223 2669 1386 e roine plouroit moult est ses corps yrisz
1265 1299 2666 1437 Euant le me sagier uit qui de ly fu seueres
1258 1363 2496 1508 A lencontre ly unet se ly dist cha uenes
1244 1414 2830 1559 Sour dieu que aist megsires ly bons Rois lourõins
1228 1481 2777 1628 par fon dist lyy messagier il uous mande amiste
1247 1554 2613 1683 Dont fu un pau le cer le dame Raseures
1343 1621 2411 1743 lle dist a marie qui ly estoit deles
1251 1697 2563 1805 marie dist le dumme autre nouuelle ares
1274 1736 2616 1874 In mes auint le brief qui estoit saieles
1274 1867 1323 1950 ¶
1341 1819 2416 1904 conte le bailla qui tant fu natures
1442 1865 2623 1971 y contes de clochestre le brirf desseella
1428 1927 2547 2030 Il mesmes le lut dedens pegarda
1274 1968 2825 2095 Euant il scout que che fu ce̾re lrut unplonra
1286 2056 2551 2157 Il a dit a clamne morir uous couuerra
1274 2095 2710 2233 Carcheste lettre chy palns ꝯmande lema
1281 2173 2735 2300 Que ne fesist ly autres adenquelz le moustra
1304 2233 2666 2362 t le geutil rome qui teurement ploura
1290 2288 2784 2440 Quant le taieur parchut ateroe se pasma
1309 2366 2646 2493 Ee puis sest estriee quant elle seleua
1300 2426 2768 2580 Aly roy dengleteree quant uo corps mespousa
1295 2516 2682 2631 uous maunes loiaumait Recorder on uous a
1304 2615 1346 2707 P
1428 2576 2643 2695 moy aucune iose que ainsy greue ma
1288 2635 2855 2762 Dont pleure teurement et sesz chrmany saqua
1272 2711 2931 2847 Marie de clochestre moult grant duel demena
1295 2778 2579 2909 Ossy firent les dames ⁊ decha et dela
1300 2849 2514 2978 Mes qui ait doleur a elame auoia
1286 2923 2797 3047 Euant elle uoit quatort morar le conuerr
1286 2989 2703 3155 Ses deux enfans y maux aporter cõmanda
