3104 4140
1373 694 2577 798 Noyque Ihũ crist le nous fait enuoier
1357 745 2662 862 dour che quo uou de luy le faisoit otroier
1339 804 2696 894 s poures mendians que uenoieut cuer
1339 850 1946 926 qrlas dist ly aome
1318 908 2910 1002 Euant ay perdu tel hõrue bien me doit enuuier
2100 873 2703 952 qr raut enidbrier
1375 954 2735 1055 ar deuulaultre krent ieueuisse mestier
1428 1002 2505 1099 olante suledame ale clere fachon
1099 1087 1249 1262 a luy
1410 1046 2699 1161 senoult forment regrẽta li damoisel lion
1318 1104 2317 1200 Ay distilliiqui aroit tel baron
1316 1161 2689 1260 Il nya sen pareil sy loing qualer pocut on
1346 1228 2547 1306 ⁊ t ly meuuegent dli uille ruyro
1309 1271 2639 1359 grioient ausmõne clerement a haullt ton
1288 1320 2533 1403 es il yout falodont ilont auarison
2685 1306 2701 1386 .
1306 1370 2751 1462 Puis te demoura gaires sy con lisant treunon
1295 1421 2738 1515 Et sy franque Rõme dont Ie fay mension
1286 1476 2560 1559 Gacor da au bon conte qui gerarpot noi
1350 1529 2402 1609 et li print amary aper. ⁊ a baron
1309 1584 2659 1667 Iy contes lenuena par dedent un dromon
1286 1644 2588 1720 Par dedeus engleterle sen nobille reion
1369 1692 2758 1791 n le chitede londees lel noenches en fistou
1311 1743 2342 1833 la yot grande ioie et consolasion
1306 1793 2452 1885 le come dona urat et lion biau don
1403 1851 2547 1941 aussy fist dy contes qui cuer ot delion
1300 1908 2406 2005 Ies damoisqiez ama en se condision
1352 1973 2814 2058 ont parles deux onfaus qui tant orent renon
1295 2026 2701 2106 Eurlame en ot menu par le mer abandon
1281 2079 2579 2159 Iuen souuent en estoit en grant abiision
1286 2129 2650 2214 Ues nen duroit a dire sen talent ⁊ sen bon
1366 2185 2531 2283 lasih damoisel dout ie fay aueusion
1355 2237 2353 2329 stoient heritier de celle Region
1408 2300 2650 2387 nen scaudient mot et se les queroit on
1270 2350 2574 2442 Or aproche le tamp̃s et le dou che saisen
1288 2412 2551 2495 Euil Recõisti rout doir droite maitsion
1343 2474 2708 2559 t leur pere heury que dieux faichi pardon
1279 2523 2496 2617 Et elume ueur ncere alecle le fachon
1398 2578 2871 2702 R sont par dedens londres aube doy myentant
1396 2642 2560 2734 Ly contes de clochestre lel ua mou̾
1256 2704 2728 2815 Pour le bien que se faine en aloit resordant
2646 2684 2965 2785 hõnourant
1297 2766 2420 2838 le uelle clariande du spais aueuant
1279 2819 2687 2914 Nes elle ot mis sauroir en lion le ꝓ baisant
1293 2877 2740 2978 dui moult estoit preudons et de bon essiant
1309 2927 2784 3038 et larges amõsmer nus hous ne uit su grant
1249 2978 2558 3118 Clariande le belle o corarte uaillant
