3104 4140
1863 653 2146 758 gILIOTILI
1974 740 2123 814 X
2091 791 2250 917 QARIR
1302 910 2485 1018 Pue faine qui ait le brac cope parum
1348 977 2517 1078 ent luires auera siques pour tant ue Ry
1350 1041 2671 1138 emant uous y merrar par dieuq ui ne mr̃my
1357 1090 2570 1202 t quant elamnt lot tous ly san in frempt
1297 1147 2330 1244 l pies de sen ostesse ly Rome quen
1477 1207 2436 1304 ly a priet a uintes maont merchi
1359 1255 2705 1380 n difant chiere dame lonc tamps uoꝰ ay ẜuy
1295 1317 2275 1412 Fhe sera fansete sainsy manee ez
1378 1380 2699 1462 le court me mertes pour certain le uouc dy
1398 1435 2310 1531 me fera ardoir Il en sere ainsy
1417 1494 2666 1586 mie che dist elame que teurement lormie
1380 1550 2745 1646 dun siay queon me cache pour moy tolerle ue
1323 1607 2448 1699 a i rois lassus en le tour penforchie
1355 1660 2526 1752 uas en est mes perelz Ie uoubaceitefie
1304 1708 2427 1810 Iy aultre mespousa en londre le garme
1350 1773 2551 1858 uant Il mot espouse tout a se cõmardie
1283 1819 2307 1918 Droit a rõmi ala ost cheua lorie
1329 1869 2468 1975 domt capostoie ai dierꝯ gent paiennie
1355 1915 2471 2035 dont manda apres a se grant bardme
1325 1973 2351 2083 qui ly rois mauoit a garder otroie
1311 2019 2501 2141 cõme fesist arcoir maũda plus due fie
1297 2079 2466 2205 pus contrs ot qite de moy ie uous apie
1274 2125 2620 2270 Oaques poitr moy sauuer de le moit Rsõguie
1445 2191 2323 2295 aun matui se cousine marie
1369 2240 2710 2366 me trencha le urach Cont Ie suy bion hõme
1355 2293 2508 2421 uiaux enfans auoie dont iestoie couchie
1350 2350 2489 2472 ut iay desmaueuel cor Ie fuy ersorime
1311 2412 2795 2527 dessui une mõtaigne ne scay ⟦neston en quelpartie
1332 2458 2682 2601 uant Ie me Resmellay e Ie fuy toute esbaubie
1327 2523 2563 2640 ar Ie attrouuay pe rue me petitemaisuis
1313 2564 1369 2642 En
1412 2585 2570 2697 se nay sei enfans aule noourloie
1277 2628 2570 2750 Or macachiot ly rois et chil de me lignie
1364 2702 2540 2796 emes pereyme uoit Ie suis a mort iugie
1316 2753 2623 2852 ar ou tampa que Iestoie Iournettert iolie
1265 2808 2501 2907 iue cõuoita mes pereit qui pousoit a folie
1456 2870 2411 2957 uoloit amy menerse oruene
1348 2923 2432 3019 ar mariage auoir que ie fuisse saine
1318 2964 2558 3081 t Ie qui ne uaich pas souffrir telle felie
1254 3033 2751 3130 In e pariy de men loeu Solanteet estaie esmaie
1343 3098 2788 3180 t me crauua chi eux Rois dengle terre lantit
1288 3146 2542 3261 si fame mespousa dout it sim uirn hõmi
