3104 4140
1415 910 2774 1009 euous lois mon seel sair le quel on crera
1392 975 2834 1053 Tout chr que uous doles ou les pardegle
1417 1028 2611 1122 archeuesaue oussy sy be tesmõguera
1398 1087 2816 1179 Eet ie ly prie oussy qui ne uoul fauche Ia
1419 1145 2903 1232 rar ne scay se iamais ly suuõ corps m uerra
1382 1205 2926 1294 Eet stachus que iou ay uoe moult lont camesa
1396 1255 2754 1357 Daler ou saont sepulcre ou dieu Resussita
1385 1313 2717 1428 Et le deliueray de le gent qui sont la
1405 1377 2998 1481 t ly uous Rois authoingnel auent moy sen ue̾ra
1359 1439 2970 1554 Mour ferons che uoiaige ainsy qua dien plaira
1369 1499 2676 1616 Qu non de Ihũ crist que le monde rrea
1371 1552 3009 1678 Que nous Remaint elame que quil auoue precha
1371 1612 2883 1731 Et quant brisse uentent ieurement enploura
1410 1669 2740 1807 etaussy fist martins forurent en larima
1371 1729 2625 1874 Susy le roy heury se pautyet seuera
1398 1777 2883 1941 Et be uon Roy auchome auent luy sen ala
1394 1869 2926 2003 lleur ost sont Retrait qui as campa se loga
1401 1934 2600 2065 Rlome su moult bie et Ihũ crist loa
1380 1991 2991 2120 Quant elamne sent du Roy quainsy sedeseuera
1366 2065 2772 2182 Ale court que deuant lausmõin q̃uoe ala
1380 2141 2864 2240 ꝑo ans i fu cous plains Puis que sen desencra
1373 2201 2846 2300 le relie royautliome qui son corps engẽra
1366 2265 2791 2359 Et le bon roy heury qui loiaulment ama
1378 2329 2820 2412 ly Soy roy de bõuaire dent coute on uousa
1336 2389 2726 2484 Se partait de tourame uyos sachemina
1371 2454 2919 2553 uere le lieu E sy sen uut ou dieu resussita
1341 2518 2919 2622 Fant fist uy rois henris quẽ haulte mer entra
1380 2587 3037 2677 let dieux lei dẽna uent qua bon port les mena
1371 2649 2908 2746 Nes deluy me tairay le mien corps uoꝰ dea
1516 2711 2712 2810 brisse ly sien fal cõment il exploita
1348 2783 2653 2868 Alarcheuesque uint et a luy cante pria
1346 2838 2786 2923 E ue ly bous archeursques ꝯgiet ly ottria
1385 2895 2726 2987 doleren engleterre mis brissie sy laissa
1378 2957 2871 3052 Le brach quil ot en plide d aeuenir decha
1415 3022 2754 3107 nis ne sceut cant prier a cle ꝯmecõta
1408 3077 2807 3160 ne martuis palast ama atours dinqura
1382 3180 2797 3252 Et se mist ache nn crere eng leterre ua
1514 3125 2896 3203 risses en Gentirux de tours se deseuera
1373 3222 2878 3325 se bracqquot tant portecarcheuesqiee laissa
