3104 4140
204 910 1580 1011 Seigneur dist lapesto lẽ de che soirs certama
289 977 1470 1071 e qie prenoue ꝯsel nous seroinl Ia estaun
319 1023 989 1097 ne les ucesout plante
354 1069 1401 1177 iot que le trosor de cõme soit atane
1053 1039 1718 1136 de frans et de uilanon
352 1124 1403 1232 le ieles as geus sy le depatiroie
358 1170 1477 1276 Il ont Respondie uolentiera le feront
303 1223 1534 1329 ⁊ gent Ietent les geurͬ sain blant nenfont
306 1267 1428 1377 ueer le corpe saint sy grant a sirie ont
301 1315 1640 1423 ui ne soi pour largeit taut ne quant renne
294 1368 1649 1469 dont fu le corper saint de pluiseur gent leue
283 1423 1580 1517 moult grant paine sont de lerpresse leue
329 1465 391 1522 ui
434 1469 1488 1575 eut roy ne conte qiᷠ ny fu emplesse
303 1506 423 1580 I. le
439 1515 1527 1623 dlise sen uout tout groit sans demore
250 1591 1560 1724 oult Iude iour la messe so lompuense cantee
513 1566 1525 1676 saint bonifere le maitir fu fondes
283 1655 464 1775 xxi
591 1681 1566 1782 y surunt quant on lent lomencher
457 1711 1612 1826 mon ron seigueit tant cõme ql sueume
368 1752 1352 1860 uolt auoir amoy solas ne apaigmn
372 1803 1440 1915 resdoulz li Ihũerist a bien sa ueie oir
280 1856 1555 1971 na leure con ueloit entierer le saint corps
273 1911 1318 2014 a damoiselle sest azenoullie Cors
280 1945 395 2007 dlin
444 1961 1665 2070 dit enplourat uray dieu miseriorpa
276 1982 692 2088 enlhos que
345 2042 1382 2164 beure la pucelle tuctost se ꝯfiessa
752 2026 1470 2118 cheeus insse Ia uinc here
425 2102 1511 2226 pete aprus uers le chul Regarda
273 2134 517 2212 ucu2o
354 2191 508 2254 done
685 2159 754 2224 Q
545 2189 568 2263 e
646 2212 1638 2325 hrant duel ⁊ugont Renomuelaa
931 2185 1026 2254 quo
209 2219 1585 2371 Iout la puchielle y ot mainte larane plorie
1049 2194 1555 2267 tantest rrespassa
269 2279 388 2341 cous
255 2320 1560 2474 ielle uistu sit deie pbier eux celle ieurine
444 2295 1514 2412 on bon seigneit fu la bie le entiores
280 2380 1580 2523 ne neust le grief malade en uonte le ꝯcree
197 2362 236 2573 d
276 2472 329 2539 no
552 2449 1700 2573 uenist au corpa saint p ͣ ᷑ cõue Intersion
266 2520 655 2615 ysamio alẽsu
584 2509 759 2587 nenist
800 2530 1714 2651 en leure de ses manl garison
269 2582 1352 2709 oir auou para dilz alent enReprien
694 2562 770 2622 ¶S
918 2576 1433 2670 Rant cribulanon
273 2626 1566 2764 dieir au bon sanct que sant soukry hasquie
262 2674 1375 2812 ne ly faisine sprure et a sa mere maro
273 2718 340 2796 u
386 2730 444 2803 a
260 2771 446 2854 dusson
522 2755 1530 2865 aisse tous bous cuerõ humilie
211 2824 1458 2992 queil trestoui amen et ie uoue enqrie
591 2824 1352 2914 chienx en sa cõpaicoi.
460 2934 1675 3088 Explicit la uie helae alexis
1550 770 1686 910 195
