3104 4140
1288 646 2770 740 Et a fait faire un fu dehors londres tout droit
1277 706 2337 795 ini estaq̃s yot quamenies y faisoit
1286 761 2696 860 n des fans mesagiers les aultres deliueoit
1263 816 2294 910 le mere fu uinͬ qui lypois disoit
1233 878 2653 968 Par dieu damedist fait aues mal exploit
1235 931 2641 1037 Plus cheler ne poes ue fait en nul endroe
1295 998 2694 1094 Car par uousay pardue celle qui meprisoit
1348 1058 2827 1154 idauihe en fera prise de uo corps chy endroit
1380 1117 2788 1209 uue che dist dist heurit̾ uous aues fout morir
1366 1177 2722 1267 Elane le courtoise dont bien uous doy hair
1332 1232 2586 1315 plur helle qu monde maues uolu tolir
1254 1290 2609 1375 Fulle deroy estoit mes cpoir pequiet fuir
1240 1340 2692 1432 Pault elaine le belle tout honneur degueepar
1235 1400 2625 1490 Or est morte par uous bien le poes Iehir
1251 1460 2537 1557 Far par che saux seel que fesistes furur
1237 1520 2432 1607 Ocoute de clochester ⁊ muessagier uenir
1233 1582 2560 1676 Cui ens ou non de moy le uenoient offrir
1265 1658 1297 1734 E
1240 1701 2496 1780 Et tangier les escrips pour claine hõmr
1364 1646 2627 1734 faistes mes mesagiers adoures retenir
1219 1752 2466 1833 Or uous en conuera dedens un fu briur
1242 1800 2770 1888 ous ly orl de che monde ne uous poet esarãdr
1247 1862 2664 1938 etquant le uielle lot dout cõmenche agemir
1251 1920 2682 2005 ⁊t uyadit uiaus fieux cõment pores soufseir
1219 1971 2468 2067 Con fesist uostre mere atel dobeur feuir
1235 2040 2570 2134 nere coutre lenfant ne poet mort deẜuir
1237 2099 2372 2175 faites moy enmurer et en prison tenir
1196 2150 2857 2270 Tous los iour de me uie iamais nen uoeul ꝑfer issir
1224 2208 2514 2293 Par bien lan deserui ie uous dy sans mentir
1226 2267 2441 2346 le debonnaier elauee fis a doleur fuir
1187 2327 2503 2403 Car dessus men geroit fis le belle endormir
1231 2373 2618 2467 pen sauelly emblay et paus men uant partir
1214 2433 2464 2516 un orfeure manday et puis le fir uenir
1242 2484 2586 2571 ⁊ii me lambre pauee et puis sans a leurs
1196 2532 2600 2631 Coutre faire ln fis  et puis lefa morerfuet
1184 2587 2913 2700 Dame clre dist ly q quẽs chienx fais uous doibt pnur.
1217 2668 2678 2755 Pour estes mourderesse che puet on bien oir
1203 2727 2528 2817 Ou sont ore ly clec qui uous uaurent fuir
1191 2785 2383 2881 L escipre les brien pour elame punir
1180 2829 2710 2937 Phier sieux dist le dame par le corps fant espio
1175 2902 2685 3019 Trestous les promerains qua moy uolt obers
