3104 4140
149 846 1550 972 Deuant unsses lenfant et crient a hault cris
158 931 1645 1032 bien soit uenus no sires pardedens senpais
172 988 1716 1085 Dist sy quel de clochistri Nans damoisans gentis
156 1046 1624 1131 Uous estes mes drois sucs et ie suy uosub̃gis
142 1092 1845 1198 pour diu parddues moy ẜchequa uousay mespris
250 1152 1488 1260 e iafolay uo mere du brac que ly pru
179 1207 1592 1315 Ue ly fis pour nul mal par dien e paradis̃
156 1271 1523 1373 ar car grant traison et par mauuais ains
225 1322 1451 1435 stoit Iugies ses corps aestre ars ou bruis
149 1380 1580 1483 Re ne uoulloit pas que fust du tout brins
167 1446 1707 1545 puancun meubre nen fust moustre auroy heuris
174 1508 1497 1607 Et depuis mainsay pour escieur le pier
158 1559 1707 1660 Rauga u sorps madame fust de mort garã dis
167 1619 1523 1708 Euechie liru arderoie me meche ocler uis
170 1678 1615 1759 Lelle endura le mort, uolentcers nou enna
156 1743 1502 1828 Pouz lamoit de se dame le roine gẽtis
200 1800 1539 1888 ue Parddeus le mer en un batelet mis
186 1862 1509 1954 quent sel deuo enfan qui estoient petis
186 1925 1366 2003 escay ou aura mes ly batiaux Iolis
177 1977 1497 2063 fu ocierch Iour apres droit oport reuertis
156 2026 1564 2120 Puis nen oy nouuelles ne enfais ne endis
163 2088 1408 2171 Ausque a maintenant ppar le corpl ihũtris
181 2143 1456 2228 Et quant brisses loy ses cuers sest ateuris
193 2203 1242 2283 le conte Releua se le baisa ou uilz
202 2254 1366 2334 Et les aultres barons ail moult cõiois
154 2304 1587 2392 Signeur che dist ly enses entedes ames dĩ
186 2364 1433 2449 afin que uarianche nyait ameir escris
174 2415 1555 2504 Que iy chy aportes de parle roy heuril
186 2481 1702 2569 Et quez uoul scachies mieux que ie soit sisfu
269 2532 1477 2624 isẽgues monstiray qui sout suꝑllatisz
197 2594 1537 2691 Pe chy in seaux qui Sargent sont massis
179 2658 1668 2753 Iee leissus u o ꝓpoint frans cantes postais
170 2720 1603 2810 Quil che dist ly contes Ie suy par lun kais
177 2780 1695 2872 Fhest ly seaux le uielle dont ses corpafu brins
181 2840 1456 2932 Et ly autre estoit le Roine aucler uis
197 2895 1507 2996 Iy tiers porta nosiris en estraigue pas
165 2966 1820 3061 Eqreux que les uous uailla est moult bien nos amis
167 3024 1861 3114 Et nous creons moult bien que uous estes ses fieux
289 3088 1942 3162 uant ly aiche de londres ly dealane etdpper
285 3132 1562 3231 uirent les in se aux bien seurent ain
