3104 4140
1488 588 1592 685 65
133 692 1801 818 Et que deuunt ma fille pour dieu uors en paion
117 775 1468 883 Parfoy che dist labesse que uo cheleroit on
128 862 1442 936 uengues marchaus enkra en un dromon
115 922 1277 1011 poir my le mer salee sen ala abandon
110 965 1617 1081 pplus ne uous en scay dire foy que doy ihũt
105 1053 1705 1159 Pe la puchelle este morte dieis ly facte pardon
140 1129 1435 1235 Et sencorre est enue elle ait benaichoy
121 1198 1516 1313 A dont ploura ly poisz qui auchoies ot non
124 1285 1339 1384 Or uous de luy Gar il en est saison
124 1359 1569 1451 De heury dengleterre uous teray mension
278 1428 1491 1508 riche roy auclome uo lairay chy ester
253 1476 1730 1577 Et du roy dengleterre ie uous uoray conter
142 1534 1267 1632 Pous aues uien oy en listoire cander
138 1582 1624 1699 uent se uault de rõme parter et deseuerer
98 1642 1525 1770 Or ne uorul les iourers dire nediuser
158 1711 1449 1842 Ie sanchon a longier ne listoire affamer
133 1787 1555 1906 Cartant a la heuris que cuer ot de sencler
131 1858 1700 1975 Qua boulongne est uenus que il uaul ꝯquester
172 1920 1366 2042 e benoite eglize ua ly pois Regarder
161 1977 1488 2125 ymade nostre dame y mist pour aourer
154 2049 1583 2180 Duis fist eng engleterre uit me sagier aler
161 2122 1415 2256 Rui ua a se moullier se uenue conter
172 2189 1371 2323 un chlr y ua que Ie say uien nõmer
179 2265 1424 2378 Iuchiames ot non sire fu damõ cler
174 2320 1661 2444 linchrmes dist ly rois uoellies moy estont⁊
161 2398 1412 2520 lles ame moullier qui le uare a cler
257 2463 1612 2594 uous pry uoeullres moy le uelle saluer
368 2543 1518 2649 ln ditel hen ne ly uoeullies cheler
142 2603 1682 2714 Eue Iay fait les panens deuant rõme mater
163 2663 1700 2783 Et qua uoulongne suy qur tamps uoray entrer
144 2725 1626 2849 En mer pair sen gent corps baister et acoler
151 2808 1442 2923 Alondres me uera teprement armer
257 2868 1518 2989 conte de clochestre faites amioy parler
147 2953 1601 3102 Et quil mi uiengniasy poeult a lenconirer
