3104 4140
1304 965 2526 1064 Gy test com lapestole entendy le raison
1403 1021 2508 1110 ue atemens auoit le corps en se maison
1329 1048 1359 1163 5
1373 1062 2627 1163 y et toute lõ clergie y uiurent de randon
1479 1106 2620 1219 les ni Rois aufsy et maint aultre baron
1375 1163 2544 1262 ors su otemene Ie iour moult pensieus
1369 1202 2544 1311 mais la gentil pucerle fu deuant a lexis
1387 1255 2728 1350 in estoit sur le nate moult ly crambloit le uis
1332 1294 2699 1407 Preudon dist la pucelleͬ ie coy que uous meres
1403 1354 2489 1458 heit uerite dist Ie prochanemen sarer
1346 1373 2867 1506 Pe quel lignaige sins et dequil et de quel parentee
1341 1439 2641 1563 mes dune seulle chose suiy forment effraes
1346 1517 2480 1605 Car ie uoyamespies les aueune dinfer
2597 1529 2671 1619 e2
1350 1557 2549 1642 Que lame de moy cuident auoir au creppo
1346 1589 2807 1695 Mes ie uoy cha sur siestre les sains augleucanter
1343 1651 2696 1750 pour dioy tresgouche seur penses de biegouurer
1334 1708 2554 1798 Sy que par uõnes oeuires ꝯquestes paradia
1408 1752 2676 1846 nay pounit a mon corpt̾ fait moult de serdens
1382 1819 1431 1872 tx
1438 1807 2508 1890 sy me doubte uien des las dedauemie
1346 1826 2993 1936 bielle seur dieux uons Reqne les bieus que mancs quis
1350 1899 2639 1984 Ie uoue pry que faichies mon corps enseueder
1350 1950 2701 2035 ues plus prchaine amue me ueront enfoirr
1458 2012 2696 2090 me feanche que poier dieu uoch querper
1382 2058 2549 2148 a pucelle ly dist cantost sans alentir
1375 2106 2722 2196 pe fire de pries sont dout tous uestre parent
1389 2157 2726 2249 un puiene pot parler le corps que lauce Rent
1380 2217 2788 2293 es angles lenporterent deuant dieu propemẽs
1433 2263 2843 2341 elloques par tout cõme souuerent haultement
1327 2304 2560 2403 Bane che con lee sõnaᵗ chimie sõnoit aparlii
1380 2352 2648 2449 cuant ly gentilconcelle les muracleꝵchois
1378 2410 2657 2495 corment se Repentoit que ne lotz mieux sun
1387 2470 2443 2536 escuier uint au soute se ly a dit amso
1394 2490 2965 2594 ont basset en loreille frans homs che uon pansimer
1396 2553 2595 2626 ra fait soulz ton deꝯle prii aus couchier
1412 2601 2816 2688 respassa or ensroit unoi croy que dieu lachier
1396 2651 2604 2732 uant le conte loy y uint sans atargier
1398 2702 2581 2783 &egarda le corpe qui ia estait transis
1401 2750 2593 2831 Regarda ses mains croisirl sur son pis
1435 2796 2761 2879 ne audast iaiais que che fust son chue r filz
1392 2845 2643 2927 en leure uit les lectres lors fu tous sbalie
1387 2895 2791 2973 l les cuisa bien prengre mei ne les pot auoir
1385 2950 2676 3024 dont ent il graut deul ⁊ dire le corps noi
1385 3001 2567 3079 dout sen uunt au gripe ⁊ ly afait sauoir
1378 3029 2848 3144 mns homs est trespasses soulz son degre poior uoir
1375 3081 2797 3178 e rroy bien que ce soit becorpa saint que quorons
1352 3130 2740 3270 la pastole ent gant pie car il estoit ppreudons
