3104 4140
1495 853 1635 956 104
807 878 966 975 hnĩ
89 945 1247 1041 Ie ros sy le demande elle a anõn
174 1005 1431 1090 la oi elle fa nee ne on quel rayon
248 1053 1543 1154 elle crot en dieu qui souffy passion
124 1120 1325 1205 a sara d. le dame toute lentencon
140 1175 1247 1271 ar ella Racontu le sien estracton
186 1219 1394 1329 y. rols en apela plaisanche besomne
149 1281 1329 1389 Dame che dist ne me faitis celee
140 1327 1569 1444 dour dieu dout estes uous et dequellegtree
156 1393 1518 1504 r le dame Respout que bien su auste
170 1449 1511 1557 isant douchement ur parsle sener
144 1497 1603 1612 frans rou heiris hons de grant renõmee
144 1552 1612 1669 ⁊ me attes nouuelles sil uoul plest et agra
149 1612 1576 1731 un noble Roy uaillant de le uostre ꝯtrte
133 1688 1251 1787 on apelle ꝯstant ale loy crestienue
101 1704 1601 1839 Dites moy hiam doulz siris se se uie est finee
105 1800 1219 1899 le uul dist ly Roia donche daie lee
108 1835 1396 1950 e cõisu uous dout ne souea alõtee
124 1867 1820 2019 ure che dist plaisanche que uluuelte estoit que fre
133 1957 1474 2067 õment que me urez eusement atouraiee
112 2019 1378 2125 ille suy arseuboure ale chiere aduree
115 2081 1378 2185 oy disrlm de celle terre pruplie
126 2148 1343 2235 et au roy destaloii sachies fuz marire
108 2205 1320 2297 uais it croy en Ihũs et le uierge lou
112 2249 1412 2359 or fu pria rois ꝯstanai ale brache quares
98 2320 1382 2415 lluy mabau dõnay ⁊ demuch serprinee
115 2378 1518 2474 ais Ie fuch des paions qchute et ainse
121 2444 1350 2525 Roy ꝯstant laissan en mẽ salle pai
140 2502 1132 2587 u il se ꝯbatoit alx gent de fraer
138 2548 1468 2633 rme mue brifment en haulte mer salee
119 2592 1617 2700 ⁊ ne scan quil deuint dont ian de chure yree
126 2661 1640 2755 ameche dist ly Roil uous sous bien trouuer
115 2727 1557 2817 douchrmait lacola ly roi sana demouree
126 2785 1339 2877 t puul sy ly a dit. Roume courõnee
124 2842 1555 2937 fois nest mir ab ochis a le brache quaree
115 2907 1631 2999 Nais de moy se party Il aplus duue aur
218 2969 1647 3065 scauoit fait un Ier douche dameseuce
156 3033 1576 3125 ne Ia nesmeroit se uous aurait Rouuye
124 3102 1507 3167 y Ros ꝯsaars me dist coirment a recelee
142 3148 1647 3293 ne uoue esties de luy enchainte demourer
