3104 4140
1348 933 3005 1035 pn de seu cdare au cuer et mettre en telgar dangrer
1389 998 2544 1074 l ne se tant me de le anne baisier
1389 1048 2565 1131 i ly enst dõne tout lor de monteplier
1302 988 1362 1182 8
1371 1097 2712 1182 eiguaer dist le pualle or oies menandir
1362 1145 1440 1223 Dr
1465 1147 2678 1246 isire de chiens franc gentil cheualier
1378 1205 2682 1294 ni me camore uerres celle nnt herbegier
1419 1271 2565 1345 chil ont pspondu che fait aotrou
1378 1311 2636 1412 au ueist larcheuesque Iiu erist merchier
1369 1375 2664 1465 e peinstbien en luy  peufer et cuidur
1392 1437 2680 1520 ne mierxy amast alerque dormir en celier
1408 1490 2687 1575 N onques naubit ent sy trestruel caingier
1417 1547 2514 1626 a aoine lodiane point ne syaresta
1440 1600 2740 1688 dy gentreu cheualie ense cambre mena
1362 1658 2535 1741 boire et a mengier a plente lour odna
1334 1713 2432 1791 cascun de cer trois armures de liura
1320 1757 2586 1853 Buen leeͣ fait armer ⁊ uien les achema
1382 1814 2639 1906 uant i furent arme ly came le dauena
1320 1860 2632 1961 proitoment a lestable ⁊ cheuamx lent cõna
1318 1911 2524 2007 pien les a fait monter et elle oussy monta
1352 1973 2604 2060 pus un uon palefroy que couchement ala
1341 2030 2625 2116 u ps duant le poi ne uous menttray ia
1396 2141 2471 2224 e uarontl maine oluy ou ellese fia
1364 2145 1408 2258 e
1509 2196 1624 2272 or
1764 2203 2604 2277 uemix le portior ytrouna
1352 2247 2524 2341 donquer le rone ⟦ic uistenent lapela
1323 2297 2699 2401 nna oemure ie port plar moy mande le ta
1362 2348 2583 2454 ledfreres ly uous abie quiaton meuuoia
1362 2405 2521 2525 ar uechy messaites ne te mentiray ia
1389 2451 1468 2527 ne
1491 2467 2604 2573 mes freres enuoie ai tenteepardela
1297 2507 1327 2612 5
1362 2509 2694 2628 doir canter son messaige ne scay que chesera
1352 2562 2678 2679 aneche dist le portier uoufrereimerouua
1366 2612 2600 2732 pe mie hom iissist hors Il le meqmanda
1341 2663 1474 2734 lira
1502 2668 2445 2771 scauoir a lur ꝯmient le cose ua
1362 2707 1458 2771 len
1486 2723 1578 2794 Li
1380 2760 2441 2868 nsy que l porneri des agres auoela
1580 2725 2485 2815 le rouie boue Rousoi yre chya
1401 2808 2526 2916 de son huis issy authõmes laprocha
1332 2858 2685 2978 dun grant contel quil rent uii tel coply dõna
1357 2914 2639 3033 ue le Teuer de sen uenlre ly fendy ⁊ copa
1350 2971 2340 3072 l la a batu mort et les eles ly osta
1336 3024 2462 3127 denus est a leporte et se le affruma
1364 3081 2627 3167 uant elle fuouuerte le grant poutauala
1474 3137 2395 3213 scoutes a quoy anchotne saiusa
1350 3180 2616 3284 l a Rir aludiant a lor uoud ⁊ camoura
