3104 4140
1447 834 2857 970 slns dame a r oy ar fist sy grant uilõme
1491 910 2993 1039 õme elle apait adrous ma hõmetle maune
1405 977 1852 1037 pire quant
1401 1014 2135 1106 Gaclsies bien quec
2001 995 3018 1090 uinday uo cambre qui flans
1424 1062 2220 1159 Pemenant leur Rou
1500 1106 2995 1246 yre Rois dist ly rurs uous estes bien hõms
2333 1067 3014 1129 ne le fiuisse opaiom
2399 1108 3007 1186 toute ll maistru
1541 1159 3011 1306 par uo fausse moullier dont by corps soit
1428 1205 3021 1373 ly richee pois constans enfait tous ses delue
1410 1292 2947 1409 Lousins chedist ly rois esse uoirs q̃ tudis
1419 1343 2620 1455 Ouil st ly paien de chesgirs a fr
1417 1398 2820 1515 dont ey aichir rois sesela ahault kil
1392 1455 2864 1582 Reigiour uaron dist il emtendes monains
1403 1517 2850 1630 Quiestes chy endrit pardessus che lorris
1415 1577 2857 1685 ⁊autquer d ma cque nieseraypanertia
1424 1626 2846 1750 Et chil out e aresfondu tout audems
1426 1683 2768 1793 adont le roysen est ymellement ꝑtis
1440 1741 2583 1837 l uroche le chenal quil estoit assie
1394 1787 2972 1899 En le chite Rentre ecoys ains que fustundus
1447 1849 2747 1950 loy de sarazu sest ly fortrois uestie
1438 1908 3018 2046 e fist le barbe Rede Rere qu siques ne sust tõsi
1428 1968 2977 2113 fa la bit dune famne sest lyroieprint mis
1373 2033 2988 2185 Pour de cheuoir plaisanchie qͥ tant et cler le uis̃
1396 2102 3000 2231 la en ceel point ly rois que ie uouã dis
1385 2152 2933 2290 Il monta ou palais qui fu de mabre bis
1495 2221 2514 2323 salle trespassa le rches rois
1401 2272 1907 2348 Ierte le ccamori
2031 2286 2942 2410 faine sest ale uoie nus
1638 2343 2982 2458 ficliel roir prians re sest arestens
1456 2385 3030 2527 A le cambre se faiue est uistement uenui
1369 2458 3025 2596 by quis estoit Numes dont fort estoit lst
1350 2525 2913 2640 Dont ꝑ busca ls rois qui fu rores et nius
1394 2585 3016 2720 et quant ln hustins fast e coustans ente dui
1341 2649 2774 2760 os et imellement est ly ois saly sues
1373 2702 2643 2817 Et dist a le rome edamne ueues sus
1357 2771 2807 2891 Pus poraie muchier ne pie cõguens
1364 2831 2968 2955 Ie ne scay dist ly dame par le diende lassus
1359 2879 3032 3033 y poiss uusque et rebusque qui moult estoit ꝯse
1348 2939 2705 3065 Ia lousir lassant dont il fupouruens
1334 3049 1580 3109 dcuere
1493 2996 2919 3125 constaul lu dedens dolans et Rascus
1313 3086 1654 3153 ures dun
1700 3068 2144 3141 ne cour dun
1730 3116 2961 3210 Peto Renchant fu lir rois Rournene
2402 3093 2949 3167 Iementre pue
1389 3134 3032 3302 t qure ciuh dame dieu et ses saintes uertui
