3104 4140
1341 673 2791 777 Que ly queus de clochestre ardy et enbrasa
1385 756 2846 855 t au deux uos enfanl que uo cerps engera
1343 823 2687 919 Lout sont nus aleur sin et par che contela
1300 892 2942 1021 Praux fieux paene le uengarchie car biende fui la
1290 975 2745 1069 Se tu ne pres le sonte Ia bien ne tauera
1359 1039 2549 1127 Et quant ly rois oy que se mere parla
1350 1092 2519 1184 Et dele uelle elamne tel plet ly conta
1313 1152 2772 1265 Il nescet quil puist faire un seul mot ne sõna
1378 1216 2616 1336 ellement fu soupris et ocuer tel doel a
1359 1283 2648 1409 du fu tous esprardus ⁊ ly sans ly mua
1288 1350 2682 1472 salus fu dimne lieure pal auoutt ne passa
1348 1430 2774 1543 Eusin que tous derues un grant coutel saqua
1306 1501 2703 1612 Dist au quẽ de clochestre morer te couuera
1461 1557 2860 1678 ne me Reng elame que mon corps telaissa
1226 1734 1355 1805 N
1438 1632 2627 1738 uant pois gercris oy le uerite Retraire
1375 1701 2827 1810 Con auoit fait elaine anssy ale mort taieur
1302 1766 2717 1872 su cuer auoit tel doel quil ne scauoit que faire
1302 1830 2699 1943 Aussy que tous maris a c̃menchiet a brairi
1300 1897 2227 2019 Ay elame seuramie de uõnaire
1302 1948 2768 2070 L mort aues rechut de quoy ne me doit plaire
1279 2010 2747 2159 pres chieux qui uous ardy en ara son salarer
1306 2111 2609 2221 latz que demandaon le gracieuse paire
1304 2180 2616 2286 Ies enfans dracieux de sy rresnoble a faire
1348 2260 2570 2352 Et quauoit desiut le donche se cataire
1297 2313 2908 2428 Rontes che dist ly rois dittes moy sans retraire
1288 2398 2761 2488 Pour quoy aurs uoul enulz moy tel ꝯtraire
1304 2463 2954 2564 Ie uous feran morir a doleur et a haire. chesaire
1281 2520 2846 2631 Ore uous garadiront ly grans tresois chefine
1288 2628 1316 2684 ¶
1263 2686 1295 2764 5
1419 2592 2871 2702 ly contes ientieux sire Par saite esclaire
1417 2665 2977 2771 uous mousteray ħien ne uons uoeulle desplaire
1311 2748 2862 2856 ue che que penay fait par cor certam yxẽplare
1295 2819 2933 2939 ly fait par uostre mant le belle aucder uiure
1249 2900 2551 3012 morir et iusticier adoleur et a haire
1254 2969 2814 3109 Par foy cłr dist hy pois che seroit fort a faire
2551 3351 2680 3500 44
