3104 4140
1316 910 2613 991 ar sil estoient mors ie ce dy sans cudier
1240 968 2503 1037 Adout seroient I tout hors de ces dangir
1240 1016 2853 1110 Iuieux uauit que or le faiche sonffrir grant encõurs
1219 1074 2634 1173 Se les metes en ‸⟦rt ⁊ faites tresbusquier
1912 1069 1962 1127 2
1288 1168 2425 1271 elli seut dist ly truz che fait aotroier
1355 1133 2517 1223 paient caseun que dit pain a mengie
1249 1230 2487 1322 Pe coire uon conseil et ly hous uon mestier
1256 1278 2630 1373 pes ne scay iẽme pou monde ou me puisse sier
1244 1340 2618 1423 ꝑ. gradet ches prisõmers qui tant fous a prifier
1281 1389 2816 1476 ⁊ he sont ey plue̾ uaillant ⁊ iy plus hautt princhier
1382 1437 2503 1520 los opoy heury qui nous uiuet assegier
1249 1490 2896 1577 E ar chieux est ly sieueq̃ steux qui me main uault trechier
1290 1545 2722 1626 y aultreul est uns euesque pour le coy enseigmer
1249 1589 2581 1672 Sy ners sy est uns foit qui moult fait aprisier
1258 1644 2383 1731 Il a constantmnoble soulz luy a iuitichier
1272 1701 2422 1791 tor fine et argent fait tant a conuoitie
1311 1747 2666 1842 ua lee poroit grerder que pour aucun de mer
1281 1805 2512 1895 acorderoit aeux pour ieter d dangier
1161 1842 1240 1973 Q
1279 1853 2528 1952 re che dist lu dian se me uoles uailluer
1277 1913 2551 2007 escles de le prison ie uus ueul fianchier
1300 1973 2590 2060 ne gaue uostre poursit ⁊ uoray sy gaitier
1288 2028 2340 2104 mue Iamy lanay aler nul cheualiyr
1272 2070 2558 2155 fue Ie ne soie o luy pouroir son plaider
1283 2132 2544 2201 neseia che dist ly roia Ihe sauaoroier
1277 2175 2427 2265 rar she fist aa baronu le uiere spiter
1235 2228 2473 2318 Eni ou palais lassua les Remenaarier
1382 2277 1415 2359 X
1442 2302 2533 2366 forent ou palais Rreminet nobaron
1295 2339 2793 2444 En une cartre ot osture tous trois les uouta on
1297 2456 2696 2557 eiguere dist larchi nesqui qui martunat auon
1447 2415 2462 2504 loerent dieu qui souffry passion
1263 2497 2802 2647 meux uault prison que merlt pout uray le uꝯdiston
1281 2562 2508 2672 ar on escape bienpoier paizer Raenchon
1270 2628 2818 2725 les ly hous qui est mors n uault mie un bouton
1226 2674 2554 2780 Iõment que chy soions en grant tribulasion
1219 2741 2860 2833 Pieus nous peult uien aidie e quant sy uerra a bon
1237 2794 2632 2900 Et dist le royanthoie ne dites se uien non
1210 2845 2770 2971 Iues on nout a chy mie enmouit laide pripn
1265 2911 2406 3006 Eusy que la parloit et fout deiusion
1256 2978 2457 3063 a trant esuous ludiant ale cler faichon
1249 3031 2804 3132 tui entra en le chartre en se main unch brandon
1688 3093 1762 3217 i
1242 3130 1705 3252 ho gent afle
1852 3098 2613 3233 et lour dist a hault ton
