3104 4140
1479 832 1953 926 quetz ly com
1527 890 2949 993 pail secon del eliue est en terue entrels
1366 961 2892 1069 La fust mors et peris che dist lauctorites
1412 1021 2993 1127 ie sust ly rois heias qui tant fu redoubtet
1348 1090 2975 1191 Et ly uous Rois auchoies qui tos y est ales
1373 1163 2807 1260 la su rois ardenboure assalis de toꝰ lis
1348 1230 2938 1327 Rescous lu fois constant ⁊ a cleual mõtes
1350 1294 2797 1393 Ar deubourc assalirent endaron atous les
1359 1363 2749 1460 Nes de paiens ꝓfu andely plentes
1366 1430 3005 1524 Eue couuiers en estoyent ⁊ ly campet lypres
1369 1492 3000 1589 A den bourt sest Reprais es Raiens sest boutes
1382 1557 2998 1658 poult trent bien ses ꝯroinz Renchis et ordeues
1334 1623 3011 1727 Rfirent linn et lautre de uous brans acheres
1336 1697 2979 1796 Des pos et de fausars de contiaux affiles
1348 1766 2908 1869 Efso droient che naux les flans etles costes
1352 1842 1378 1945 ¶
1454 1842 2975 1938 sieux qui ert abegtus nyert iamais Relems
1380 1906 2857 2026 a fu cint cor ꝑbondy retẽty et sõnes
1461 1977 2841 2086 maint saragin mort etaterbe reuerses
1564 2042 2639 2129 euant Ihrlm̃ le chite de Renon
1585 2104 2977 2194 fu grande le bataule et fiere tenchon
1341 2159 3000 2265 droit par un merquedy sy son lisant Reuuonr
1359 2224 2758 2329 fu ycele uataille dout ie fay meullon
1306 2290 2959 2405 gy fors rois denchle terre qui herry ot non
1339 2369 2627 2456 U sery liement parcrant deuonon
1329 2428 2754 2536 En Sisant fire dieu qui sousey passion
1415 2497 2738 2601 et qui Resussita de mort saint la zaron
1560 2564 2952 2668 pry se ie moeurc que pe uraie pardon
1369 2615 2623 2727 Et garsies elame a le clere fachon
1332 2693 2940 2810 Pour qui pyen mois cuez Irandedestruccion
1548 2753 2945 2872 elle doncle aune dist ly Rais ahaulton
1398 2822 2945 2921 Rue uoꝰ aues soufert d paine sas Rou son
1346 2877 2632 2976 Oiuy me doinst ueoiz loura lens
2715 2900 3011 3029 tli saisoy
1339 2937 2797 3042 Euel dire ie uous uoyeen me nossesioi
1403 2999 2942 3102 ardien sy fera ql pout uoir le ubꝰ diston
1350 3058 2853 3164 Mais ameaia conques le ceplesalamon
1346 3123 2929 3245 Et le chue de castri que plaisanche a auen
