3104 4140
170 862 1688 982 elas que Ie desire que le puisse a coler
165 938 1603 1041 ⁊ le pre uaisier de me uouche adeser
135 1000 1491 1108 Pu on fist le chardieu toute nue poserl
193 1064 1688 1159 t la ou Reprist uie pour ioir recouurer
144 1127 1440 1221 e roqa me samble Ige o uray ꝯsidere ⁊
147 1184 1700 1276 ue clol quren maleoit out lel lieu garder
154 1246 1693 1343 ue le noble se pulle que tant deuous amer
149 1311 1985 1409 quy e uerray ues uous corps loaute demoustrer
158 1382 1693 1474 lous deuericbies ein sab̾le et gemir et ploirer
255 1451 1589 1540 clie que ne qoous en alle uille entrer
144 1506 1817 1614 licest poier iostre pequizt dont faisous a blamẽr
223 1582 1631 1662 quane uy gent crestien ut ensemeut ꝓber
165 1632 1569 1729 l dist ly dus a lautre forment fait aloir
135 1699 1677 1787 fois amouris descoche or le puist dieu sauuer
147 1764 1456 1858 rar noseriomes pas lassus oluy mõter
158 1830 1707 1922 et amoury descoche que dieu puist hõnerer
163 1915 202 1980 A
220 1892 1702 1996 sist as fiers de glaues tout hault lassi leuir
165 1966 1417 2053 ltenoit sen escnt porr ly acouueter
167 2019 1578 2127 Res chl de la doseuri lyprendet aieter
170 2097 200 2171 R
236 2090 1806 2196 gaillairs ⁊ de ꝑles pour luy ius fondefler
163 2157 1532 2237 Et ly crespenhe gent qui tant fout a loer
165 2210 1728 2318 iout aledra fiers de glaurez le uaissel esleuer
158 2288 1849 2394 diul unnt droit as caestiam as mamia les uacõbrer
174 2357 1792 2467 deux pies mointa sus a dont prist le brant cler
167 2417 1403 2523 le gent sorazme cõmencha a fraper
161 2477 1916 2603 eurs pies leuls bras lera manrs leur faisoit nõdeler
170 2546 1794 2661 et faisoit leres ceruelles froussier et espaitrer
163 2622 1472 2714 daien et sarozin leprirent adoubter
163 2681 1679 2783 eploiclre ly laissierent nosent uers luyaler
151 2753 1380 2845 Et amorry descoche ꝯmencha a uiẽr
154 2819 1656 2916 Qr auant uoine geiet penses de tos monter
197 2891 1707 2996 euous esties omoy ie uous dy sans fausser
154 2955 1831 3075 Eue nous yrous brieumeit les por tes deffrumer
170 3029 1635 3146 linly sist amoury qui cuer ot de saingler
161 3114 1608 3275 Rais ny ot sy lpedy quix osast penser
