3104 4140
1318 938 2241 1035 De quoy forment fu esbahie
1359 1007 2142 1083 uant lor lussie sa hpaignu
1440 1053 2040 1140 est es chieies serotesie
1366 1092 2206 1189 le est made lame apelee
1357 1163 2174 1239 angles est serme et amce
1364 1212 2054 1281 a coy di creatour ala
1373 1262 2185 1350 reschier et sy le denõcha
1378 1327 1953 1403 ae ammi prechere
1396 1366 2236 1460 par uertu en fu maistrisse
1392 1416 2241 1517 lx cõuerty moult de gent
1495 1492 2208 1575 serqriire ne noue sient
1465 1538 2259 1621 Sonche uiergene lore
1355 1593 2151 1660 emoura sorment esqtlouriu
1369 1639 2261 1720 ntre li gent de son legnaige
1369 1688 2291 1782 ii haicient son doulz ymaĩge
1373 1747 2119 1837 a sain sy fort le despitoi
1373 1793 2261 1888 ne par les pues alernosoit
1362 1846 2073 1936 y iuis qui furent se lon
1426 1902 2179 1987 despitoient sant raisoit
1419 1959 2098 2026 l disoient ahaut sos
1313 2003 2151 2083 I ꝯuuaise rousse uostre fus
1341 2051 2372 2125 Rue nout auoue en crois pendus
1311 2090 2199 2164 Puques le uostreau ai si
1327 2145 1396 2203 n
1458 2150 2535 2226 a au uousqro piont pordit aidier
1355 2194 2491 2283 idit quant uinl au campeqrumir
1352 2242 2132 2325 es mors faisoit Resussiti¬
1339 2295 2080 2378 es a uulles Rslmanl
1583 2346 2284 2433 gors̃ faisoit aler droi
1334 2389 2250 2472 dont estoit qrans sei pours
1300 2444 2335 2530 Iinain tenant iie se qmet drechur
1304 2495 2335 2585 uy ne aullruy ne uour arier
1435 2548 2376 2631 insy le uiergone despitoient
1442 2605 2376 2688 ies quul ꝑ ou il le grouuoient
1329 2656 2303 2743 dout forment estoit courechu
1350 2711 2356 2796 y trel doulche uurgenemans
1359 2757 2268 2854 parlysouuent se dementoit
1534 2826 2277 2921 persõnt se fort nauoit
1334 2881 2296 2980 lascun lot eussuet guerpie
1302 2948 2310 3042 Iout elle se et cla moit marie
1417 3003 2169 3104 disoit adroit suy nõmie
1332 3054 1983 3148 parie de miluy amne
1323 3104 2372 3217 ie suy bien y pert au iorr duy
1302 3173 2188 3311 Ensy disoit celle a parlnx
