3104 4140
1323 1051 2682 1138 õment il uout querrant enturoq le quenui
1260 1106 2708 1196 Par quoy on ne cessast au uestore neai matin
1277 1152 2471 1246 Passa lir le castiel ou furent & mastu
1313 1189 2600 1301 tii ueist sadoyers aprochee que encui
1511 1248 2664 1345 en raemplir des arbees de gordini
1302 1288 2825 1419 bien eist Sire en luy chi ne sont pas austin
1272 1352 2563 1476 de done le uasse court enrerent no mesquin
1442 1405 2510 1522 n y out bonte ly frere et ly cousin
1419 1446 2689 1584 fizent cargier pour coulbte dug nayni
1369 1506 2395 1644 fumee sesfart dequoy h bediuñ
1306 1531 2738 1692 urent a grant mesquief ena ou castiel criau brin
1293 1646 2114 1747 lente orent a boire aultre
1410 1653 2657 1796 ꝑ furent esbeuun et plaine d marison
1327 1699 2765 1872 Chil du castiel la suir doitt ie fay menston
1270 1837 2020 1920 Tar quant qi orent tres
2105 1752 2687 1874 forche et a bandon
2227 1828 2606 1920 ditn bou ton
1290 1874 2114 1973 le castiel ‸my ualy le fore
1263 1918 2153 2033 Carͦ dindy ler portes d
2211 1888 2804 1987 uure et d uacon
1260 1959 2712 2088 Pui yueston le leu ctouge cõme caruon
1451 2028 2501 2141 ꝯrte su esprise par sel deuision
1341 2067 2811 2198 ne par dedens entrerẽt ln prinssiet ly baron
1279 2145 2664 2254 Ia fu priat malostruis qui cuer ot de qrron
1279 2201 2528 2306 ꝑ lun le castelain dout pyi fait metst
1251 2249 2636 2371 Qu gardoit le castil qui puis ot lue auon
1279 2311 2537 2438 F aultre furee mort a grait destraspoi
1256 2389 2556 2511 se ou y ont uoute qui esprent enuiron
1527 2442 2445 2550 li le ulle Il nespriret maison
1297 2507 2494 2596 luthone celle nit sosela au dongon
1382 2566 2399 2647 ot auenques luy marti et urison
1300 2601 2609 2693 pies encore not pas uien forme intentiõn
1297 2663 2429 2757 Rue sil iussent elame ale clere fachon
1295 2709 2625 2810 uee par tampa en sera be certaine occoison
1297 2764 2537 2861 Eusy que uouu ores en le bonne canchon
1311 2824 2261 2907 endemain au matin sani nul ar
2422 2808 2439 2886 u
1332 2863 2489 2966 st amener ly rois malessrus le gedigon
1306 2909 2685 3029 Par deuant le castiel uires fourues fist on
1320 2973 2535 3075 Et le court saraznn qlbenques prendy du
1279 3029 2722 3127 donrche quil estoit cours asser le mosquastont
1288 3084 2570 3169 t uody quo crstiel ou domla on le non
1265 3132 2586 3240 Pout le court sarazin courtran lapela oit
1263 3187 2763 3286 Meruir quant uit morir malosti le glouton
1267 3245 2634 3339 L apela authon et ly uist a hault ton
1267 3298 2551 3399 gie Renoier ueul apoliii et mahe
