3104 4140
1189 754 2685 855 Ou il auoit nõuains quẽ payaur maint deuier
1208 827 2310 906 Estoient ꝑ treie en cestuy heritier
1194 878 2519 956 sa sadrecha elame la belle au ceur entier
1184 929 2367 1018 Mais si tost quelle pot labie aprochier
1180 986 2669 1069 uõuerent ꝓ miracles les cloques du moustier
1182 1039 2761 1108 Dout les dames se priuret̃ mlt a esmersulliez
1180 1101 2770 1175 Enceutre elame uiurent sans poĩt de latargier
1175 1145 2705 1225 ꝑsaint lieu le menerẽt sans faire nul dãgier
1187 1196 2505 1283 pr les dames le uaurrẽt asses bien festier
1187 1248 2609 1345 Sen estar li demãdent et li sien hirener
1180 1301 2636 1400 Mais elle ne uault mie sen a faree nõchiez
1180 1361 2816 1453 Moult bien leur sceut cheler pounit nauoit descrier
1194 1426 1214 1490 e
1274 1414 2342 1506 dire son estat pour luy glorifier
1161 1469 2639 1559 pour se biautte se uault chuus esmerueillier
1184 1517 2406 1607 l ung a laut̾ dit uela belle moulier
1171 1582 2630 1669 At tant en ont ꝑle quẽ chois ung mois entier
1171 1637 2372 1727 Ie Ry de che pays en oy le plaidier
1168 1708 2420 1780 Euue pucelle auoit arrime o gramer
1141 1754 2595 1839 Tdure seulle ou pays au ungt marõmer
1171 1798 2843 1908 Et quelle estoit tant belle q̃ ny ot enẜ quẽ sengur
1168 1865 2310 1952 gestoit a la baie uenue herbegier
1178 1922 2510 2000 Et quãt li RRoys le stent et oy ffetraitier
1173 1975 2512 2070 si labbie nãda par uint sien messagier
1180 2033 2567 2127 pon ly faiche briesmẽt la pucelle enoner
1182 2093 2337 2182 Du la uaie fera. ardoir et essillier
1180 2148 2648 2240 Quãt elame le scent dont prent a larioyer
1171 2208 2682 2286 ꝑien cuidoit la mauoir sans Iãmais a widier
1161 2260 2524 2341 pour le RRey esquier qui le uault cõnoitier
1072 2304 2687 2405 est daut entree en le mer as auͨ son marõnier
1178 2364 2712 2447 Ery auoent marchans se uault a ꝯpaignier
1180 2417 2498 2500 A dieu se cõmãda le pere droiturier
1355 2474 2547 2557 sen ua le Royne ꝑ my le mer a nage
1182 2502 2784 2624 Ihũ crist Reclamoit qui se noꝰ fist a symaige
1173 2573 2485 2670 aluencq̃s marchans entra en une bars
1168 2612 2843 2730 Mauz il our encõtre ung payen plain doultraige
1173 2674 2728 2780 Quu Rroboit lez marchans en mer par se folaig
1182 2734 2719 2840 quatre ceus payens ot. qui sout en son suaige
1203 2799 2673 2895 enes ou le sroyue auoit pour sen menaige
1189 2849 2664 2948 Rucõtrerent le ture que sont plain de folaige
1175 2909 2719 3008 Les marchans out more oelns ꝑ le oultraige
1168 2969 2510 3049 Si oder saisy lauoir nłt y orẽt Samant
1175 3019 2655 3118 Ee la out prinse elainx q̃ cler ot le uisaige
1157 3070 2609 3178 nauoit que xiiii aue adour de droit eaige
2880 3210 3000 3309 s
