3104 4140
181 687 1698 781 uant ly uous pois auchomes ou tant de fiertea
167 756 1477 848 Pe rchoit les me sadaers tantost ly estria
80 825 1592 913 Deigneurs̃ che dist s Roys amoy entendes cha
82 883 1603 970 Oa ne me cheirs me pardixa qui tout srra
80 949 1684 1044 Car se uoir uous ne dittes tous on uous pendera
108 1018 1813 1131 me nous dittes brtrumxnt qui etes urioss uous querqua
115 1085 1267 1184 Et qui au les decha yihy lekennor
140 1136 1576 1269 Y mes de la postele Rrestout prenner parla
172 1223 1486 1327 t ln dit sire rois ne scan cõ me fera
135 1290 1596 1407 Net̾ bien scay que le brief que iaportay de cha
133 1368 1442 1462 apestole de rõme Ichiens le me bailla
128 1419 1635 1538 Parfon che dist hereis pous che destruis sera
142 1494 1447 1614 Diit me sagiers yot dout cascuus sestria
94 1563 1537 1688 Si reche dist ly papes que chy nous en uoia
112 1632 1362 1752 Mes ly ypͬ adont mot pieis ne sõua
135 1695 1566 1821 Et auchomes demande pour quon il ne palla
161 1784 1348 1888 Et quil dit uoir qui le brief ly bailla
117 1856 1507 1966 pire dist le mesagier ne seiy son mardera
315 1936 1550 2021 pendus seray nen son me trantra
119 1996 1732 2093 nes poir maint sauuer mon corps uoi uous dira
204 2060 1714 2168 quant le uielle oy quant chiens parler uora
147 2141 1497 2240 Elle est salie auat et puis se sescria
128 2212 1550 2313 Elle dist a seu fil biaux fieux et que sera
144 2283 1670 2382 y contes de cochesre biaux fires quant mora
124 2346 1493 2456 Sy mait dieux de ccore deslui la purha
862 2431 1486 2523 uoꝰꝰ corps esponsu
167 2421 828 2516 torcardy elame q̃
239 2488 1514 2571 ⁊ sera tos pendut qui sroir e uaura
227 2548 1566 2622 lu contes sestris qui pout ne saresta
154 2603 1705 2691 dar me foydist il dame tout aultrement ira
161 2661 1778 2755 er uous ne uostre fieip sur moy pooir pieus na
147 2720 1675 2817 Car quant de che poyaime Iadil se desenera
138 2773 1675 2872 Roy me fist deuglete roc et lors me queraiea
140 2824 1610 2927 Enqueñ ne le prendy uis que li me bailla
170 2872 1718 2989 ucor tieng liende roy tant que Rendus sera
133 2916 1962 3077 Chest drois que on y fache tout clre quil me platra
