3104 4140
1297 754 2703 857 en mainte pourete ⁊ nunt et iour uiuans
1251 827 2908 924 moult souuent a regretoit ses deipo petis enfans
1244 901 2830 998 Pren quide que les bestes les sorent deuorains
1256 965 2846 1048 Mes encore les uerba sains etsanf et uiuans
1263 1025 2751 1113 Et le furent de puis ay dans et coufortans
1387 1223 2880 1315 Quant il en sera tans uien seray decourir
1463 1156 2837 1251 igneur chy uous laray de le Raiue estir
1242 1278 2701 1375 De lenfant au lion Ie uoue uoray parler
1260 1345 2747 1462 Iy, A lyons le uault sy saigentent porter
1233 1435 1267 1554 6
1283 1407 2627 1531 Pardedentz se diuere la le fist osteler
1375 1476 2662 1607 sa liue de se langne ly a fait aualer
1244 1554 2728 1697 Aues M deux pursz apries sy S ioy cõrer
1247 1649 2832 1780 fist ly lions .ui part que bien fot set ordeuer
1231 1715 2880 1844 Par le grache de dieu que le uault esperer
1242 1773 2873 1918 De yx lieupes dentour fist droit la assainbler
1286 1851 2703 1991 Contes bestes qui dorent au lion acliuer
1258 1925 2655 2070 Qy yot une chirure que bion scot ainser
1244 2005 2699 2125 Qui tout nouuellement et uolu faõner
1240 2065 2636 2208 Et ly lions le ua de se pate bouter
1247 2150 2823 2281 Et quant ilet chie fait Il sen ua retouruer
1277 2210 2722 2362 e chieur le sieuy sans point de larester
1228 2293 2843 2433 Par le uouloir de dieu qui tout aa sauuer
1240 2359 2597 2497 Sen uint ale diuere au iosue bacheler
1247 2433 2570 2573 la endroit la laita et le uault a leuer
1240 2513 3007 2645 Or diray del hedute que dieu uoeulle hõnerer
1237 2592 2917 2723 Cn moult sesaueruilloit en cuer et en pẽser
1226 2686 2908 2817 Dout cel enfant ueuoient que ont uolu touuer
1231 2755 2745 2884 Car persone ne uault pres dela habiter
1290 2831 2650 2957 Ie le sene des porros l a fait aualer
1293 2918 3023 3033 t lye le nory trois iour sans autrerieus gouster
1235 3008 2968 3127 Cant et plus puet bien dieux ⁊ faire etordener
