3104 4140
1332 699 2480 786 Ie les mis en la mer ou uoloir ihũcrist
1295 768 2590 853 Pardedens un batuel que moult estoit petil
1362 821 2531 908 Et bien scay quarrue sont en aucun puis
1306 876 2478 956 ar ly batiaixo de cha fu tantest Reuertis
1313 926 2639 1016 qu non de la rome que sescorps fust garis
1329 972 2597 1067 Ardy me belle meche pardieu de paradis
1313 1025 2705 1138 Et pour che doibt mes corps iest m̃t esbahis
1341 1081 2636 1189 Et quant che escorta ly nches rois heuris
1191 1147 1226 1239 4
1277 1090 1346 1223 S
1398 1143 2542 1225 demanda au conte esse uoir que tu dis
1311 1193 2710 1278 Que tuas te mectte arse dont ly corps fu faitis
1295 1244 2687 1338 Pour sauuer ma moullier elamean cler uis
1302 1297 2625 1377 Quil chedist ly contes sy maist sains remus
1304 1347 2717 1439 Par dieu cheddist ly rois uous estes mes amis
1302 1407 2641 1494 Or uous douran biau don fil plaist a Iihũ crist
1306 1472 2551 1550 he conte de clochestre uous en seros serues
1306 1517 2379 1600 ¶Et le uii ͤ put aueres de mon panẽ
1295 1573 2689 1665 atoul lel iours du mondez uos hoirs signouris
1295 1639 2623 1722 Car ou quer suous soies mesures de ques ui
1309 1690 2321 1764 Ou .uii ͤ serel tillement a franquis
1293 1736 2567 1835 Eue iou n hoir que iaisse se siecle ne finist
1309 1791 2653 1876 e uous en porult youtez ne uoz oirs de su dis
1272 1839 2703 1936 Qque uous ne puissiel pire ie suy en mon pais
1290 1897 2965 1980 Dit le queus de clochestri ietris chue sune̾ nest parqet
1304 1954 1343 2097 E
1417 1950 2710 2030 ly bone rois authouues fu forment resqes
2735 1948 2968 2026 Enseur
1410 1996 2489 2081 pes fu iy tois authomues a le chiere
2501 2010 2682 2099 haDie
2758 2007 2995 2067 que
2791 2044 2975 2118 d cłoo
1389 2051 2689 2136 Euant il scet que se filli estoit e toire em
2774 2095 2959 2205 fasis
1323 2113 2662 2191 Roy en apela qui tant ot feiger seignourie
1297 2162 2554 2249 Et dist ie uous ꝯmant ar fis sainte marie
1302 2217 2554 2316 iamais na eesteray pour uoi le uous affie
1320 2263 2457 2357 Sont que iarꝙr trouneme fille le iolir
1260 2309 2604 2426 Gire che dist heurilz sans moy neres uoꝰ mie
1288 2352 2623 2477 Car tenir uous uauray certame sonpaignie
1297 2419 2600 2527 nie ia ne uous̾ fauray iou ne me uarõine
1327 2474 2282 2582 e prie aihũ crist le fi sconte marie
1355 2511 2510 2631 irelaine nons ramant que sy est desuoie
1295 2573 2254 2691 la safient ly roy di leur fon fianchie
1343 2635 2839 2734 uenclioit qpendout e lame tous les iours de le᷑ uie
1272 2693 2556 2785 Riul naient de sen corps urais nomelle oyt
1295 2739 2416 2831 Dont cõmanda lu ris pse chite iolie
1272 2771 2517 2886 Que tout sy hault baron de se tierre polir
1300 2835 2445 2948 heuissent auenc luy ⁊ en se cõpaignir
1311 2888 2632 2996 duant Il furente uenu ly pois ne sydetat
1286 2960 2353 3049 Dluy en fist alers une geant parti
1249 2999 2565 3134 O conte de tlet hestre ildour se teroe ottrie
