3104 4140
140 662 1293 770 es toute se deffeuse ny uaufist un ispiã
128 717 1244 823 be che neuist este ly melel pois heurit
135 756 1456 869 ui del cogel aqueurt quant Il uit les estur
156 807 1203 929 iiii nuile angles armes et feruestis
142 857 1458 984 Quant les Paiens les uoit e les uous Resortis
156 915 1456 1037 en le chite Rentreront la est casenns uertis
156 963 1323 1094 ⁊t le roy dengleterre fu afen cuer marir
664 1007 1316 1110 saux auoit este laidir
142 1044 658 1163 De cheque h uas
230 1071 1461 1202 dist or uoite bidu pardiendu paradis
165 1177 395 1269 obastra
418 1127 1362 1248 est traitres en fais et endis
138 1225 618 1311 bire dist amoris
660 1186 1226 1285 ar le corps iqũcriss
957 1230 1373 1311 uous est repris
144 1262 743 1359 Cort anes uraiement
154 1288 1205 1409 par il ne scet noient quair este assali
167 1324 1231 1467 out ly dist sen messaige ly chlr noris
163 1368 1334 1520 oyans en fu ly rois qui tant estoit saintis
165 1414 1366 1575 or diray de Rouast de qui tant ot le cler uis
253 1488 1191 1632 sarasin apelle ⁊ la a raison nus
174 1552 230 1632 n
945 1524 1233 1628 un subgis
170 1621 246 1688 Are
283 1575 853 1683 par mohõmet aqui
172 1586 1341 1747 Ious seres atous purs de destiens laidil
186 1644 1385 1784 et traitres clamnes tant que uous seres uis
184 1678 1578 1849 ar ly gentienx messagiers quitant fu bñ apris
200 1816 354 1897 este e
476 1757 1221 1881 os geut laidẽment assallie
197 1791 1514 1936 t prieẽ quil ne fu mors en my led presfloris
1023 1853 1507 1927 su touet esbahiis
188 1883 938 1991 et queuit robastri bentent
250 1957 589 2033 uant ly Roi
745 1890 1548 1994 ourdiaux celli parole entent
432 2005 476 2076 fi
614 1941 1463 2053 dolans tous lysiirs mesppront
163 1998 1502 2143 pau quis naracha tant et de grant mantalent
165 2060 1242 2210 oil en apella quil de tenois aparent
165 2079 1555 2270 Hiaux mes che dist li Rois Il me ua mallenuent
186 2178 1279 2318 aux seray apele de le restiennegent
216 2235 1366 2364 graltres̃ mauuais de tous apertement
179 2288 1580 2431 dar sus me meterout che murdre propreueit
186 2355 1456 2490 Elas ie nay coupepar mahon qui ne mentt
193 2394 1514 2541 ncles chx dist abel donques perdes uogent
163 2454 1589 2594 uensy uous unt aquis che blasme pour noient
223 2504 1555 2654 tau roy dencle terre on en faiche present
158 2571 1373 2723 Se prengueasen uolois cos le uengeuren
193 2642 1451 2769 Parquoy de traison maies non nulrecent
202 2681 1576 2833 t robastre Resꝓpont uous parles saigement
202 2769 1251 2879 e E sarusme asauloyer Icoutuient
188 2808 1550 2941 fusy cõme traitres cresmunuamet pulent
181 2875 1495 3019 Et quis let̾ atramis atente daoitemunt
