3104 4140
1316 977 2613 1081 ꝑ uux douli fieux Ie longuis sur terre
1378 1058 2227 1124 es ius ont entre ouoy guerte
1410 1108 2287 1186 ne puis iour ne euuit drorer
1431 1150 2245 1239 ne me uiens resconferter
1336 1205 2031 1288 mer me faura amartire
1369 1262 2317 1345 uel et mon filz et mon pere
1380 1322 2443 1398 les doulz slsi uolentiers uerroit
1359 1373 2183 1455 a grant ꝯloire se ie poour
1431 1426 2517 1517 suy et tamuere talillecttamere
1373 1492 2374 1584 u es et mon filz et mon pere
1350 1550 2457 1644 uiaux tres doulz fieux Ie te prie
1274 1603 2266 1685 Qre lgarre ta mere mari
1300 1672 2335 1752 Poulz filz sil te pleset agrir
1311 1727 2169 1826 Ray que Ie soie rescẽfortie
1293 1807 2365 1895 arrefment ie ce cprie merchy
1364 1860 2211 1941 eulles auoir pit de auy
1348 1920 2229 1994 ilz confort moy sil tazrer
1355 1971 2291 2046 itant sest sue̾ Et tertegetet
1369 2019 2547 2113 ur Cet Iolr de hebe qe pte coucha
1263 2074 2179 2171 Datensement se dementa
1398 2122 2452 2217 inssy ꝯme qe uiergent hõnerie
1325 2189 1375 2258 I
1380 2182 2328 2267 Estoit durement esplarre
1316 2237 2526 2325 Et uuz samne angles est dessendiuz
1297 2295 2356 2382 Les chieux qui aluyeest uenulz
1350 2359 2273 2447 eue diciꝑs le parecyennoia
1336 2405 2300 2497 cres donchement le salua
1302 2470 2735 2573 En disant dieux rooell uous sault marie
1316 2536 2238 2624 ly sainẽ esperie meuuoie aty
1323 2592 2156 2670 eit ly dist haulte tresomn
1369 2645 2257 2739 nn de qaradis es portiere
1290 2704 2257 2803 foutaine et qunẽ dimolite
1325 2773 2146 2858 ose et li s̾ de uirgunte
1196 2822 1270 2930 .x
1290 2819 2388 2914 Gomr et palais A courtoisie
1297 2888 2399 2966 quere depurite douuaier ꝯ blie
1327 2946 2369 3024 Cu es le confors du luinann
1318 2994 2395 3077 ꝑr uous mande iy souueranez
1306 3049 2222 3123 ens de grasse enputr nour
1343 3098 2114 3192 qũ crist toussilz signoury
1343 3146 2254 3245 salut eet ameustre par moy
1320 3196 2429 3316 Et sachies uien point au, mestroy
