3104 4140
1318 942 2512 1048 Deles luy lu dime le quicelle de qis
1325 1025 2749 1110 o. Ai seur dist ly aris Ie suy crop mal baillis
1341 1081 2705 1173 Ihens a un donsel ens eh me chartre mis
1332 1136 2717 1232 Par qui suy adoles ⁊ acons Iourz malmie
1320 1196 2613 1292 ques par celuy malon aqui ie suy subgies
1309 1251 2572 1350 Aeman le penderan cõme laron quełis
1343 1308 2678 1393 dont le fist uene par deuant ses mauchis
1412 1363 2565 1469 fu amenea brisses ly damoisanꝰ ientre
1362 1384 1378 1428 s
2567 1389 2924 1494 auchomes
1332 1419 2478 1513 Et ly uous Rons qui fe moult talaitis
1362 1476 2717 1568 quant ly coit les uoit se sestuie a hault cris
1336 1522 2547 1626 keelle sent par che iosue suy ainsy ameuris
1341 1584 2613 1683 l dont a un baston quil et en se mampris
1355 1649 2623 1736 y en fiert brisse tous droit et enuyle uud
1375 1699 2556 1807 ur le chiel le naugra ly sans en est fuit
1371 1752 2579 1865 uant urisses sent le cap sy est auant salia
1352 1812 2310 1918 e eiust seru si ne se fust gurchis
1410 1867 2673 1973 pult fu brisses dolant quant se seuly ferus
1553 1934 2639 2021 e fuit bien uergies du fort Roy gamene
1359 1982 2678 2083 Euans liz fors rois descache est arie re salua
1348 2044 2540 2132 estrie a ses hõmee barons nattendes pliu
1318 2104 2761 2196 faites que chu uassaubx soit uistement penduir
1327 2171 2685 2247 Ia mais ne mengeray sant quil e rt sonfondut
1362 2221 2468 2318 ont fist brissee a heui̾se fu tant uatus
1355 2277 2802 2373 Eue d sen corps ly est ly sane uermaux lourut
1458 2341 2583 2435 enfes est‸ naurce en u lieuxon enqlin
1311 2394 2777 2493 larcheuesque de tours qui su uieux et quenne
1242 2444 2784 2555 LEt dist ex o roy authomre noꝰ uechy cour perdus
1385 2523 2613 2617 ons serout mie a fin cas no iours est uenue
1352 2585 2860 2686 ꝑuques mais hons ne fa par me foy neiys̃ de chus
1509 2645 2611 2741 d cheque ie say ychyauai uenus
1329 2697 2712 2806 ꝑamasse muens que qonffe le n enfane mar dini
1619 2762 2717 2861 e aby authour moult en fustes bons
1325 2796 2574 2918 Piour duy enmores et iou seray pendus
1357 2861 2606 2971 out fu le Roy anghome uss ment assalus
1389 2918 2887 3022 l boie archeuesque y lu malrechens mal
1366 2971 2692 3079 urisses sar tour lee aultret yfu trop uenner
1382 3035 2664 3134 e aby otst a fole qui moult fu consonduie
1309 3088 2772 3192 Il escrie pendes ces mourdereres laiois ⁊ la pas
1343 3160 2643 3233 su diant le uelle qui seoit en It Ihũi
1339 3196 2811 3311 Euant elle prerchut brisses quil atoit en ilũs
