3104 4140
1504 781 1629 929 14
147 913 1097 1044 ius quii enist loisir de sequier se
888 968 1044 1046 le
1173 922 1332 1014 Rale
193 995 531 1087 ont morr ser
193 977 1442 1127 mourdereut lout saisy sans mule demoree
195 1069 959 1175 en ꝑ auoit a uelle sarr ue
177 1064 1534 1221 maisine du ron dn fante cournee aierecelle a
144 1214 202 1292 Iii
349 1166 1056 1267 pot more a celle maiige
1072 1186 1168 1248 esu
216 1207 950 1324 emeuans sen suy parmy
662 1202 1403 1343 ont aqui le cose aree
184 1271 625 1384 mourderour en
177 1290 1072 1432 norent paralet le cret dauale
154 1290 1691 1481 muant de leur cãpaignons Reurient tcelle assambler
156 1368 1309 1515 nul surent plus de cent ani cõplie some
167 1430 1327 1570 iscuns lu uns a lautre sangture a conter
172 1547 398 1626 n le fore
476 1474 1438 1589 moit une grant gour Rumer
172 1517 1493 1669 endroit sont Retrait toit droit a lanespree
163 1580 1290 1711 moir que orent robe ale dent cresprẽi
158 1697 444 1768 ntassable
559 1628 1263 1731 .iii cn cede dent agan
207 1676 1311 1812 porout des arunt qne le chiere bt yre
177 1789 483 1862 nquell m s
533 1727 1231 1844 lussierent une põme
177 1773 1573 1920 n cune prison su se iouuẽte Ietre /de maulx ⁊
165 1860 1125 1961 uilot mourt chest uien cost amrer
1129 1865 1622 2000 is cporison frume
186 1918 1019 2010 er quant ex hones est mest d
195 1945 1228 2060 na mie souuent tout cheque ly adre
223 1996 1359 2106 ⁊ est lyaois ꝯstans enfrmues en da taur
276 2044 1378 2150 oncis ses armeures oreut ly posegiir
174 2074 1451 2194 nques ne dy aissierent ualisauit uin flour
246 2127 1277 2235 one coetre fu bu moult ot de paour
209 2210 520 2283 auoit forgi
614 2203 667 2260 n
763 2166 1306 2256 un seul uasaonr
181 2203 1343 2329 iot esse cẽdrmis et anui par maintgur
197 2251 1396 2375 clieux de che castrl qui furent uassaour
174 2304 1233 2421 eux foi ꝯ batus et auoit fait estour
1168 2334 1415 2421 e serour
165 2362 1086 2465 nai  maistres estoit ly fieux d
172 2389 1557 2502 ponr che nescon dis mora adorul a atsronr
172 2444 1449 2550 aus fu us enprison drogement a che iour
193 2486 1412 2601 tue Iozerant ly enfes fu laissiee au deston
190 2543 1481 2651 onuert dun iazerant ⁊ conuert de delour
154 2601 1065 2704 ꝑchis et bescier o felle simnatour
225 2628 1663 2741 en uoioĩt auoir par hausarte lestent la tour
223 2704 1493 2794 agurit clpieux qui estoit en le carke auales
421 2746 1684 2847 u chieex prepement ⁊ pauaie ny doubtes
158 2803 1320 2886 porqui le esamuez su mourduret tues
154 2847 1357 2950 qui aporza lenfrint que uous fu de mores
154 2900 1442 2996 Or auoit sur cheluy .xxx plorins tournes
154 2953 1270 3061 dele uolbir inuchnermes Il fu rar
174 2989 1698 3109 qus anhres en parla dont chieux qui fu prumez
165 3049 1435 3173 lancia un contel par ades les cores
260 3100 1730 3222 Quant tous lis auelrei quey mors et tues
