3104 4140
170 922 1320 1046 uoꝰ ara tolu le pas de pret noiron
98 991 1346 1099 t le chite conquise qui ert en uostre non
115 1044 1178 1150 restiennet mora agrant destrocͭibii
105 1090 1523 1209 y a que qualre henes scaches plus ny conton
89 1147 1313 1267 usques a lest hurtãt qui tant a de Renon
151 1209 1228 1313 miii tendra chy son core paulloit
172 1253 1410 1370 quant ly papes Let sen flousy le ꝯzenon
190 1313 1348 1421 Ie nouue de chy ne l uint nue a boy
190 1363 1451 1467 uant ly uous apostoles ceste nouuelle on
188 1419 1242 1527 dont acegretet le Riche Roy her
184 1467 1325 1582 le bou Royanthoine quil teuoit a aimy
133 1506 1435 1646 ni luy a dit ly paper ⁊ uray dieuquesse chy
115 1580 1180 1697 mont ly sarãqm tant de fous assalu
140 1630 1242 1759 d querre apresse ⁊ mon quis heuy
131 1678 1274 1803 nques ny conquesterent uaillisant un
115 1729 1378 1842 dont ascardinauys de hurtant se plaindy
181 1791 1359 1899 dist seigneur laron uous aues bien oy
131 1844 1359 1964 u felon roy hurtãt qui ma mande ensy
108 1895 1516 2014 Quaslegier me ueura et son frere auent ly
133 1954 1564 2076 ⁊ ne songe que faire par le poyque doy my
128 2000 1654 2127 a deux Rois ai me uiennẽt Ie mandrssecheey
131 2056 1601 2175 dar foy gl se lonc che fait Il se fuissent charny
126 2118 1463 2228 et casenne Resppondez sameperes ie lorry
255 2159 1576 2279 ⁊ gentil carmal furent enparlement
147 2217 1541 2350 da deuant lapostole asses et longuement
133 2334 545 2396 pape ou
736 2279 1723 2380 cõsaiduec Irestout quinnaumet
144 2341 1571 2451 ml presist un muessaize sans nularegtement
131 2394 1493 2504 et mandaist a heuryol engleterreapent
138 2451 1585 2571 t au bon Roy auchoine et a toute leur gent
126 2497 1615 2635 eue pour le ppeaidur se haistaissent formẽt
128 2582 1332 2693 e pape sist essape le lettre uistement
158 2624 1797 2762 un messaigiez le uulle ⁊ chieux tantest lerprent
133 2704 1297 2806 lu messazier qureant adit ismuellemet
177 2737 1578 2879 pieux dist le syapostoles Ie te prytenatent
322 2819 1362 2918 dy a hurtant le Rayre pulent
135 2861 1622 2978 ue petit ie le soubte ⁊ le prise enfement
154 2925 1463 3045 e cil me uientassegies a son esprehe mẽt
184 3001 1359 3088 croy par ilĩm rist le cuerra bolent
142 3031 1504 3146 et nous deffad rousau dieu ꝯmandement
135 3111 1300 3215 ldont se deay sana nul qriestemẽt
202 3146 1518 3302 ne dn ne sy afauit mal ne encõbremet
