3104 4140
133 993 1463 1087 ous aucs chy en droit uostre pere trouis
190 1028 1560 1131 uous Requier pour dieu ce roy de maieste
133 1090 1155 1168 ue mies uurasin feru ne a dess
209 1133 1256 1223 ueara sauuee car Il ma hẽnere
163 1154 1649 1265 t en prison ma fait mainte grande ainste amist
144 1200 1826 1320 ir est droit que ly Rengue contre droitedloiant
142 1260 1525 1368 dere font ly enfant uous aurs bien prale
144 1322 1398 1421 ont chequares uaisut nous arons a cole
207 1370 1332 1478 uour le roy anthoni au corarhe fene
138 1405 1472 1536 e toy hemr parla par moult grant amiste
207 1474 1348 1586 heury ey a dit Rois d grande uonte
147 1501 1622 1649 echy lex fieux elame eesques ian engenres
223 1589 1493 1695 Il sont sil ta fille er les bieng en chiert
170 1637 1695 1734 ar soy che dist authoine Ie yay moult argue
230 1697 1304 1787 en suy en erreur scachies en uerite
211 1745 1426 1839 dist le roy leurir par me crestae̾nete
204 1805 1318 1890 luy certainis e t fie mz ares mefpent
241 1839 1481 1943 furẽt sil elaun que tant oe a Siaulte
250 1897 1691 1991 dist le Roy autlpine le urach com ana moustre
149 1977 207 2042 1
255 1952 1428 2049 mi propre fille scachies en uerite
140 2014 1371 2097 lussy bien le connoi cun de mer anõnae
156 2053 1603 2157 iea ie ne scay son la aaultres enfans domie
140 2125 1231 2205 er prie pou a dieu qui touta estore
138 2159 1493 2251 lame nout Ramaint ou tant ae d biaulte
570 2231 1523 2306 e nthame et brich cai ma
204 2277 1511 2369 lochoie noua faisont uaptiscer le trete
257 2334 1415 2419 e noble pais quauous chy conquiste
165 2382 1371 2463 t dist le roy authome a uostre uolente
172 2447 1325 2523 dont out quaradin uaptiiet et leuo
163 2490 1304 2573 et ot auon morans que se su apeles
163 2536 1233 2626 e le gent de le uille se bapptisa asses
170 2592 1325 2679 e puis tout le paut out issy bren fuiste
167 2633 971 2720 onquea ny demoura hõme
156 2691 1251 2769 aine ne soit nul ain sal na uolente
1256 2633 1739 2737 ct de mere ne
161 2732 1208 2835 de luy a bastisier en bonne lo paulte
149 2783 1398 2886 noraul en a nogent auenquee luy menes
154 2838 1366 2934 e liou ou donay siet le riche frimetoz
170 2886 1495 2989 auoit cune tour ot tamps dons poy palle
156 2939 1470 3049 nais sy bien fa englos diame et d fosses
161 2989 1244 3093 une peult aprochier forque un cos
149 3049 1511 3144 pera par deuers noble le grande frumete
186 3111 1378 3194 hest le chie saras ainsy la on nõme
142 3164 1175 3236 a endroit sy se sont uy paron an
147 3185 1608 3323 norant printt ung messangi qui hy a aresti
1541 848 1668 965 11
