3104 4140
1329 821 2765 949 upit le noble conte dclochestre ocorps gent
1500 876 2445 968 engleterre fu brisses lyacaisi
1265 954 2669 1081 Parmy leubõnee uilles ou fa bien Recellis
1534 931 2676 1021 coutes le mane pour ueoir le paus
1260 1011 2860 1129 Moult grant hõueuirly portent ly uaron postais
1286 1074 2846 1161 oiaux luy omit cone et maint bel cdousprouns
1309 1124 2942 1225 nes cenques nen uault prendre uaillant un paris
1304 1177 2632 1260 londres sen Reuint ly Eamoiseirs Iolis
1286 1223 2745 1329 uie apela le conte uoiant tous ses marchus
1302 1283 2692 1391 ⁊outes che dist ly enses entendes ameedis
1281 1343 2618 1444 roit atoirs qen yray ou iy este nouris
1281 1400 2632 1501 la est ly nion frere qui tant parest faitĩ
1240 1460 2374 1557 Iamais ne reueray en cescuy paitt
1281 1515 2774 1626 rant que retoixnes ert mes pered a̾rus heuris
1267 1568 2533 1674 Qui est oultre le mer arles oses subas
1286 1635 2646 1715 onquerre le se pulere ou dieu su more et uis
1309 1681 2411 1784 i les sist ly quens que tant fu agensis
1254 1741 2597 1851 Poellies chy demorer se chou est uos deuis
1263 1810 2708 1908 non ferce che dist brisseer par dieu de paradio
1279 1869 2264 1959 prsses xu. poura passes et acõpliss
1277 1927 2337 2019 londrs le chite auenques ses cimie
1263 1982 2496 2088 It puis cepres sen est seures s⁊ departis
1251 2049 2588 2143 l contes de clochestre sest emuergner luy mis
1235 2111 2390 2201 Iedens le haulte mer ⁊ iurce Iaucris
1231 2166 2494 2265 fue mais narestera par ddent sen aais
1212 2212 2464 2323 Sara ueu martin qui par luy fu garis
1221 2300 2855 2438 Droit au port a bou longne alerent armant
1815 2290 2860 2378 le guergent lrestiẽne uaillant
1244 2380 2669 2474 montent es cheuaux et out exploitie tant
1237 2426 2731 2539 Et par unt et paepour quiralge Recoutant
1235 2486 2558 2576 ie dira leurs pouruees oeiere ne auant
1235 2532 2547 2626 ru sont uenu atours le uille soussisans
1240 2587 2685 2674 Et ont Rouue martin le damoisl plaisant
1244 2638 2563 2725 e conte de clochestre le ua moult hõnerant
1219 2688 2514 2778 Oussy fist martui luy fort le uasestiant
1219 2748 2455 2838 Ie scay que  alaissi le canchon alon gant
1336 2806 2489 2895 rat elaine uit ic. fois le ua baisant
1286 2863 2547 2944 furent cõgnent de luy ly doy enfant
1290 2921 2653 3010 in iours su auent eux pous se uadepartant
1212 2978 2508 3063 Dieux que ly archeuesque la la bien festiant
1247 3019 1270 3093 E
1311 3031 2570 3104 dPuis sen cala oultre le mer lemant
1214 3079 2751 3210 Et teestoit droit a tours sont Remes lyeufant
