3104 4140
202 949 1601 1053 ꝓpuis ly Sist doulz amis ses un pan decha
218 1025 1928 1104 Etauoite et blantdras uoy querre ou on uouaconcira
223 1067 1392 1154 A lipis ly a dit uiau auperon sera
216 1124 1849 1216 mais une poignant nace sel uous plest maporte a
278 1179 1801 1267 arpoutt iames sur quiente ne giront mes costes
239 1228 1723 1313 uolentuors uaiys doul sires quant ensy le ueles
312 1292 1553 1363 sergant quist le nate et la porla en leure
255 1340 1433 1412 llox i loa dieu puis se coucha deseure
241 1384 1594 1476 y sorgant ly faisoit son pluse sans demeueix
266 1442 1695 1545 elle quil espousa poitr samout souuent ꝓleure
232 1508 1468 1600 repus a lonc tamps soulz les degres Iut
236 1561 1769 1658 Et sonpere et sa mere lont maure foit uent
216 1619 1412 1699 pussy a la pucelli qui tant la atendie
223 1655 1688 1757 Mais onques ne pot y estre par eux Recõguens
220 1722 1748 1805 poue gait moult faisoit che saint hõme apriper
216 1775 1718 1862 Eu auoit cant d terre souli luy aiustichier
283 1821 1822 1915 tse uoulloit pour dieu ioulz les degres couchier
209 1883 1783 1961 dous ioirs quant sy sergent ex rõnõit amengur
264 1929 1707 2028 e Relief quil auoit di grant gra lau ꝑ lemer
227 1994 1359 2090 llexis nen usoit de che idus cortain
218 2037 1757 2157 fors le mains quil pouoit pour encachier sonfans
220 2118 1516 2208 lantre faisoit dõner tout estoit son seclaiñ
241 2182 1244 2265 ihũcist fruir ⁊ de cuer aourer
216 2233 1507 2329 Il nauoit son d duut qua santier redorder
186 2288 1569 2385 Souuent uit son chier pere ⁊ sa merepaeser
213 2343 1332 2447 Et la geutil pucelle con dy fit espou
213 2394 1879 2500 uais Il nauoit fect dut talent de conter son csaire
216 2447 1530 2548 a courtoise pucelreͬ qui estoit d bõnaire
204 2504 1739 2615 le uisitoit souuent mes seachres sans fetraire
156 2571 1656 2686 epe uin de ꝯueuist rop mieyo le uausist faire
156 2631 1548 2732 pauoit elle de ly en son cuer grant pite
161 2686 1511 2801 Ppour la moist da le xis qui seu estoit a lee
195 2753 1686 2870 les fergans de lauistil le saint coops ontgabe
193 2826 1741 2934 Moult souuent le saisoient asses de crauentos
167 2893 1691 3006 ppapelart le clamoient et truant et unchon
174 2957 1849 3072 moult souuout le Ietoient la nes et auce Ion
167 3022 1723 3134 lauorel i e ordires mes tout estoit prendan
156 3091 1668 3224 La Ihueist prioit qui leur fesist prson
1576 809 1705 915 113
