3104 4140
2254 706 2280 754 2
1468 731 2770 839 escuie engleteble dont dy uim entendus
1396 809 2653 924 la postole tii est ly riches rois uenus
1389 890 2703 991 Qui contre sarazin sestoit tant ꝯ batus
1371 961 2936 1062 Que ly bous apostoles cumens ire pooit plus
1378 1037 2942 1150 Ies henris dengloterre ou grande est ly ueetus
1380 1124 2929 1244 ltant de fadceru sarazius et mors et confundul
1405 1205 2680 1313 uil uint a la postole et ly fist bel salus
1403 1285 2712 1391 Euant lapostole lot suers ly ust Ruenus
1426 1361 2600 1472 t ly adt biaus fienx Iu soirs ab solusz
1385 1435 2791 1550 maine inoy acplins car ie suy moult confus
1352 1524 3007 1639 Par los faux mestreans ayiant decops Rechui
1380 1616 2880 1711 ue Ie me doubte moult ne soie confondus
1323 1685 2901 1803 Sains peris dist henris uous estes secourus
1431 1784 3037 1897 E uous me uoules tre croire ne ꝯe ꝯbatertpl
1364 1869 2995 1984 Pont ly donne ung cheual malgre los moscropus
1350 1938 2763 2058 Par laide quil ot mangenant par ses drus
1387 2026 2809 2129 y epaprs Remonta qui fu grans et corsus
1465 2102 2855 2212 itre rõmains Reuint desus les pres herdus
1371 2185 2554 2293 A bocte demanda Il en fu pouruens
1375 2263 2892 2364 Et pour clir poirt ly est tous ly tuers ecuens
1362 2336 2807 2428 Et ly fors pois butet qui tant su malostrusz
1472 2403 2694 2509 toit naures an corps dent il est nascus
1378 2479 2705 2589 Q esppois ly estoit ens ou corps pomanns
1355 2555 2648 2674 a lestandart estoit ly fors rois Reuenus
1373 2631 2726 2748 Il amande ses hõmesz dont il a xx ou plus
1378 2714 2620 2842 le plais ly monstra et cõment fu ferus
1334 2799 2837 2925 Sire dient dy mure mandes uous dieux chans
1352 2875 2708 2994 Morgot et apolin mahon qui est creiss
1417 2937 2772 3042 ar sil ne font a uous miracles et uertis
1433 3001 2926 3107 aintost que ly achierl q ert de uo corps isses
1357 3072 2855 3190 Emportera uostre ame en infer uulgibus
