3104 4140
1318 938 2061 1014 Est romuesse sainte marie
1373 984 1412 1048 ł
1431 972 2482 1069 ly apostles en mont grant doubte
1371 1041 2243 1113 usquer au pur de pentetouste
1350 1078 2236 1161 ne dieux les uint Rescoasorter
1350 1129 2328 1216 n plre qherusalen est tent cler
1424 1196 2156 1255 le maison on il estoient
1357 1239 2300 1334 ie forment se def desconfortoient
1401 1297 2128 1377 che que sy seul furent la
1348 1343 2089 1428 u ly doip qlũe del laisa
1382 1393 2218 1481 grant lumiere a gransselade
1359 1444 2027 1524 est nestre sergneudentre
1433 1494 2250 1582 saprernt uant yane tousz
1362 1557 1387 1621 4
1415 1540 2376 1628 leur dist par uiaux mol dulz
1346 1600 2165 1676 ne faites uous uien eures
1341 1651 2063 1727 anoy ueoir cõsort prenesi
1350 1690 2312 1787 oya uoꝰ souffry de cuerlamort
1355 1750 2307 1846 pour ch eux que en iufer a tort
1348 1816 2206 1888 urent que adain y auoit mie
1325 1862 2077 1945 Nion sanc leura este amis
1378 1911 2146 1991 ar de ma propre uolente
1371 1968 2045 2044 pont este tout racate
1412 1998 2363 2093 ignere dist dieux dy souuerains
1364 2046 2372 2162 dinifer deliueraze ler humains
1329 2113 2070 2219 lbel nouel et abralaan
1350 2187 2050 2267 as iacob auent adain
1320 2240 2075 2320 ioise damd et sabemon
1461 2302 1955 2369 iorias ⁊ simerit
1286 2332 2422 2424 Caint qe hain auent maint prophete
1283 2389 2116 2463 ¶tiui de moir faisoient ꝯrant
1352 2438 2307 2523 hens de prison aigt hore pus
1251 2479 2450 2578 Pois chou que diaux suy bren seru
1270 2536 2346 2622 Cor leur sera guerson domne
1279 2589 2149 2674 Car lassus serout coudõne
1405 2633 2218 2737 mon pere le roy celestre
1339 2695 2215 2785 u pous iour sela a sa astre
1341 2750 2280 2826 insy dist chieus e uidament
1350 2806 2174 2881 ses apost leu p lamement
1343 2854 2195 2944 ensy ly sains esperiy
1323 2911 2061 2994 par de asel boit amit
1343 2957 2317 3040 t tous lanaiges leur aprim
1332 2999 2333 3116 prel moult doulcement lourdist
1433 3063 2220 3146 reur ꝯmande le Mraysi
1334 3102 2374 3192 eui est sans pechiet et sanĩ ne
1270 3164 2319 3272 Que sastami par mainti ꝯtree
2809 1432 2853 1513 ce
