3104 4140
167 993 1302 1092 or les Ie more aist qui la estoit pasiee
121 1055 1237 1159 nen au doit quil soct mors a dont fist e sorire
147 1120 1194 1212 resdonche nre dieu Rome courõme
151 1170 1063 1267 uest a uenu martui a ceste matin
193 1202 1327 1308 Le geut ly ont dit amoult hault alont
133 1258 1210 1368 nre brist font I uostre mere est trouuee
142 1320 1143 1421 e la ou elle gist dolente et esgarer
190 1363 1270 1469 quant brisse lentoit ny a fait demorre
144 1428 1203 1524 haulte uois adit sointe. uirtu nõmee
239 1485 1217 1573 me mere chy sy faeement parie
135 1543 1164 1616 ode est ales auant que ny fist auistre
128 1596 1104 1674 ue cote perchut qui estoit desquirer
151 1628 1352 1722 n quise d plichon lot le dame endosie
149 1688 1247 1770 e cotte dout ie dy chest uerite prouua
151 1741 1235 1826 uat̾ le dame se fit dengliterre seurie
151 1789 1341 1885 he estoit ui un seurcrs dontelle estoit parre
165 1849 1355 1936 en fu uns pans ostes en le prope Iourme
163 1904 1318 1987 na le coirtoise elame en ot le man copa
147 1954 1168 2042 ycontes de clochistre h cprduue espie
140 2014 1168 2086 e brach enuolepa ches uieniest auerir
117 2053 1168 2143 Brisses ot Iu pareil le brat y fu uarder
1208 2003 2022 2132 Quãt trisse uoit le totte
115 2097 1166 2194 pontãcoie le dame quetoire ne su leuer
1318 2079 1787 2228 lun fu aut ser
167 2159 1138 2254 e faiche lyuuia que fu descoulouree
149 2212 1205 2309 n disant doucie mere Rome courõnee
151 2274 1235 2364 ar les auos enfans sans nult dmoree
147 2316 1242 2444 out est quens pastura se moro aacoles
138 2373 1359 2493 ⁊̃ont parmy lel mameles lauoit uien desbre
167 2433 1484 2548 t martuie daultri part faisoit chiere esplourir
163 2486 1555 2605 uir le grant pourete quot lont camps en durit
165 2532 1277 2651 lame le coine qui dieux ot tant amee
149 2585 1279 2702 auqueeu telle pile n fu muai Ru gardee
204 2647 1095 2734 lame le goine a le clere faichois
190 2688 1327 2785 su entre sei enfans lonc tamps enpanison
156 2739 1394 2838 ni le base le bouche ly aultre lementon
174 2794 1219 2893 lame se regouraie sa uent brision ne
186 2842 236 2904 I
262 2856 1306 2948 s dissoit pasmes ne dist mroue non
181 2904 1233 3006 le sest estrire qui est cho douse lon
163 2953 1385 3061 ametche est uasteux dient chil deururon
179 3012 1226 3114 che cosfin qui a ason destre ꝯtueron
161 3061 1127 3162 porte uo main unt longe saison
156 3109 1205 3213 euant le ronce eot sa cole le Ipchon
158 3155 1530 3279 En le uonche le baise p fois en un Raiedon
