3104 4140
1247 699 2770 798 Dieux que ly apostoles auoit le suer ioiant
1256 772 2982 885 Et heury doccdrdengleterre a loit moult hõue raut
1263 869 2986 977 pin ⁊ ioure puis le uataille ua ulenc demerant
1240 938 1295 1035 E
1350 952 2979 1055 apres ches uiii ieurs ua congier demandant
1247 1021 2535 1122 llapostoli uint et ly dist en oiant
1221 1108 2860 1219 Grre sains apostoles le congiet uous demant
1228 1193 2765 1299 Oe uer me moullier singe moult desirant
1247 1281 2641 1380 le merchy dane dioit le roy de ueliant
1359 1347 2632 1449 uous an deliuoe de untor le Iorant
1224 1437 2657 1557 amais ne ue uerres en iourde uo uiuant
1228 1508 2998 1678 Or uous pox et Requier que uoussmnales cuidtn
1231 1605 3018 1764 Le rereuege et sernage que mon roialmne grant
1224 1690 2468 1796 Deuoit pardeuers aõine ⁊ auos tour
2547 1722 2768 1812 Quaut
1233 1768 2871 1897 slimie dist lapostoles ie ny demande un gant
1208 1849 3007 1987 Põnement uous clain aude Nestout le armẽnãt
1212 1936 2995 2076 Trestout ly apestoles qui serent niis Regnant
1208 2021 2926 2162 pon peront de mander le montanledun dpant
1221 2116 2774 2247 Iors apris. ung amer uerturix et poissans
1221 2201 2761 2325 Pui en fen doibt estoit se ly dist un rant
1226 2293 3009 2431 Piaiys firux par chest amel fay uostre pais feant
1214 2378 2834 2509 Ear uous le porteres Ie li uous Ray derant
1237 2470 2811 2587 peuris apris lẽmel sy ly ben ua merchiant
1208 2548 2749 2686 Capostole baisa et puis son ua partain
1350 2642 2738 2766 apostele de reme qui daut et Renõnree
1191 2711 2616 2831 LA a cole heury par bõne amoi prine
1198 2794 2777 2907 Et ly dist biaux fieux Ie cay momour dõnee
1201 2868 2772 2992 Car ie nien et se noy et celle est ma pensie
1214 2953 2954 3086 Oue uous aurs ma neche amoullier espousie
