3104 4140
1293 722 2954 827 Pun brit que me bailla le sien corps proprement
1288 795 2524 890 Qont ua ocargnon sen oste uistement
1320 857 2616 949 le bruf con ly querqua malisieusement
1295 917 2765 1007 Et le uailla au ary que uistement le preul
1412 970 2929 1071 pant le roy dengleterre urent le brufseler
1346 1028 2899 1143 Tos et isuellement la au pape ꝑ moustrer
1304 1083 2466 1184 la põstole le prent de bẽur uolente
1279 1147 2611 1246 Puis apella henty le bon Roy couront
1306 1216 2772 1304 Piaux fieux ie liradhe ⁊ heuris de ladure
1309 1278 2590 1373 Iy dist oil sains peres deir lay desare
1334 1338 2307 1442 e saiel brisa le urirf a ainse
1325 1403 2579 1497 le teneur pour li sy et en lont et en le
1297 1469 2540 1557 qdout ly apestoles ateurement ploure
1408 1511 2696 1607 ne desist un mot pour lor duuechitr
1369 1584 2968 1674 t quant heury le uoit uistmt ensemẽt effrae
1387 1639 2333 1738 dist il elamne pomne de biantu
1295 1690 2972 1791 Pien uoy uoul estes morte dicux ait paede uoꝰ pite
1281 1750 2485 1851 Iamais ioie naray ien iour de men ar
1371 1807 2455 1908 est quens aterre sa Ihũs reclaine
1283 1865 2422 1971 pini fois pasmes mes on la releue
1327 1918 2595 2028 Et ly rois sestria urais rois de maaeste
1293 1982 2917 2083 Enant iay pardu elame tep nop auis malouure
1281 2049 2620 2141 Iamais de croire en uous naray la uolente
1286 2102 2963 2219 Ie doront toust ses chrmans poxt na le scrus derue
1313 2162 2480 2277 Il saqua un contel Renchant et uifile
1286 2217 2565 2336 Se sen uouloit serir tout parmy le ceste
1304 2288 2666 2392 duant en papes climens quile tuer ot seue
1304 2346 2653 2456 sy a dit hautement crop uous uoy desgnise
1309 2408 2754 2509 Et pour noient aues sy fait dure demene
1293 2472 2673 2562 Elame aest pas morte stachies en uerite
1267 2534 2512 2633 Ies elle est ainte en londres le chite
1313 2596 2623 2700 Et tant ya biau sire que uous paporte
1283 2661 2788 2780 Deux siguros lidensos sy cõme iay chitrouie
1267 2737 2547 2842 Oy con ne scet a dire emeon et en le
1290 2796 2715 2907 Euelles samblancheilour car il sont figure
1355 2856 2715 2960 n maners de uiestes et aisy que malse
1283 2909 2777 3015 Et en out grant meruelle chil de le rounte
1288 2966 2703 3107 Et a sy grant dissence ontrele uestre barue
