3104 4140
1228 738 2662 846 gues prier uous uauroie douclie dame gent y
1224 793 2910 915 Que pour a faire clie brief pde des autruyq̃ my
1233 857 2549 961 quis plus hideuse cose aparler Ie noy
1316 910 2390 1023 scrisces distly uielle ny airs a lenty
1242 961 2317 1083 Uo ante rroistera cascuri au acõply
1235 1016 2526 1136 De mille florus dorquant parties de my
1249 1071 2508 1193 Euant ly capelains let ly cuers le en hardy
1329 1138 2314 1242 .conuoite lauoir quee petit hy ualy
1306 1189 2388 1304 os et iuellement le teneur estrisy
1350 1242 2439 1352 ycelle mamere que uoues aues oy
1316 1290 2632 1412 ⁊ quant le brief fu fait le urelle sans de ty
1283 1357 2381 1462 lettre saiela dugrant seel poly
1573 1419 2485 1513 be lettre faile escriste etselee
1352 1472 2694 1586 Ly capelairis se dreche sans nule demouree
1260 1545 1283 1621 ⁊
1327 1529 2514 1632 le uielle ly dist coument a recholee
1226 1586 2625 1697 Rche dont uous douray auchois uoddeseuree
1256 1646 2496 1766 Le et uin sy aporta en le corcoupe doree
1421 1711 2404 1823 escringsen est tout coiencent alee
1274 1747 2489 1895 in contel y Rouua le pouute ot afillee
1244 1821 2462 1950 Et puis la couueta ra fait recouree
1249 1895 2491 2023 En une maii tenoit le monse doree
1228 1959 2420 2090 Sien lo flerus cest bien cose auerce
1339 1987 2910 2145 le est uenue auprestre que uers le urelle bee
1265 2083 2330 2212 t celle ly ieta ainsy quale uolee
1373 2120 2521 2249 Ilormis deuant Ry ⁊ a haulte abenee
1251 2178 2710 2341 Et dest sire gentieux uopame ert bien saure
1226 2313 1495 2412 ¶ gran
1716 2240 2899 2366 rente en ares scachies castunauee
1332 2306 2761 2458 neux aprins les florins ⁊ le uielle deruee
1281 2373 2503 2546 est uenue acoler de quox fulanal seuee
1237 2440 2466 2617 Car en cel acolant elle estoit aprestee
1237 2527 2846 2672 Qun d grant contel trenchant a le pointraceree
1249 2596 2593 2725 g. En acolant ly atelle feste moustree
1274 2651 2710 2789 due le cortel ly lauclie tout parmas le corre
1254 2709 2540 2872 e cuer ly poirrfendy lame sen est alee
1240 2792 2505 2934 Iy capelains quey que le uie ot finee
1235 2845 2544 2992 prestre dist la rome er est uochar uentee
1224 2923 2436 3035 Iamais uares mesier de mõnoie doree
1242 2989 2485 3123 Ie ne saray Iamais de uous racuser
