3104 4140
1382 919 2926 1032 la uescu de Relief scachies maucce iournee
1348 1046 2857 1138 Par syquelle ne lust a aultr demource
1663 1007 2678 1074 enuoiast le uiaude atoirner
1350 1094 2954 1193 Elle ne leust meigiet pourdor un carie
1364 1152 2825 1265 Elle ne uolt Ia estre po̾r hõme ainsir
1366 1219 2896 1308 he maintenr roialme ne terre ye ꝯeree
1375 1278 2988 1368 lms̃ uault pour umour dieu est pourcesgari
1389 1329 2800 1428 Et uiure pourement sans estre hõ noures
1373 1370 2963 1488 ouques mais tewe dame ne su ousurleure
1470 1437 2970 1543 euoul layrayde by sil uour plest i ragree
1357 1584 2719 1658 Par elouir le dame su tresban asseurce
1369 1623 2883 1701 Et auoit buhon qr srere q le uolei lorent
1346 1678 2942 1768 Que lu frant gent s⁊ estien qui mer sut passer
1327 1729 2701 1823 ut fierent mie mort en estraignie conter
1334 1777 2924 1879 a en fu moult elame o cuer rescouforter
1525 1844 2699 1945 eul Ilpp̃om fu grande Ioiemenre
1336 1897 2811 2003 Ailea lonne le grant ontoussy conquestee
1387 1957 2919 2058 Neu by forẽ Roiconstana ny sistpas arestie
1366 2023 2701 2125 penue est a leury qui tantot R nõmee
1362 2072 2965 2171 Eto fort Roy auchoine qui feretat roit despee
1458 2136 2814 2226 igrieier che dest coustans oroies iue pens
1438 2182 2995 2279 Uoulay depie cha dite ma prnste destuee
1350 2256 2496 2336 ures iar Sieu en couuent que fil
2579 2233 2940 2316 siel etro
1334 2293 2779 2380 fue iamais naresceray sy arun n Nonner
1336 2348 2892 2444 polaisanche le rour qui est ulanche qui fee
1438 2412 2855 2493 uous cõmant a dieu quisist chiel et roufe
1387 2461 2848 2534 et quant chil lont on sen dont chiere tour uilr
1339 2507 2968 2592 Mais pour che aue roemest aosara la matiure
1357 2564 2802 2645 fen deparsy ꝯstanst ale chiere menbrei
1359 2608 2632 2711 uy .xxxxuii. senle de maisme preuin
1366 2647 3011 2757 lt etoit s urac saint iorges entraen mer salee
1380 2714 2777 2812 uenques marchans dune estrangne q tree
1339 2762 3009 2870 ꝑ uoloir dame dieu nagent nogeut tat̾ cellear
1327 2829 2701 2932 qua rõme est arines celle chite lon
1318 2868 2873 2987 Pardedeus le chite entre celle iourure
1327 2941 2572 3035 il leut sestosteles iusquale matia
1341 3001 2659 3098 sendemait sen ala par uont destinee
1329 3063 2570 3157 Encontre lapostoleale chripre sence
1334 3123 2756 3206 T gentens apostoles a lẽ messe cantee
1323 3178 2666 3293 Ensy quil reparoir ale sallenostea
