3104 4140
1488 772 1668 867 132
200 841 1433 956 de plandres oussy le noble Region
181 924 1525 1018 sy que Ie dray se il uoꝰ uint abori
280 975 1626 1085 oꝰ diran cõmiec ne pir quel occoison
151 1041 1502 1138 prirent Ihrl le uille et le dongon
181 1117 1447 1207 he fu paramourn que suir ot de aon
135 1179 1578 1274 ar il se fist leuer as crestiaux tout en son
126 1232 1686 1343 desus les fierede glauel entre luy et guon
138 1297 1723 1414 in sien noble escuier qui ert de grant Renon
220 1359 1500 1478 yque uoꝰ oreiz en le uõur canchon
317 1437 1700 1534 eur oz entendes que dieux uoꝰ benaie
289 1488 1670 1600 ri ense canchon de grande seignourie
135 1557 1801 1669 oment Ihrlĩ ou dieu prist mort et une uie
133 1619 1615 1729 u par les gens crestiens ꝯquise ⁊ aignie
211 1695 1491 1803 sy cõme amoury de scoche le garme
248 1766 1385 1858 st leuer afiers amont a chiere lie
156 1842 1716 1929 ar cestoit le plus preux de celle mortel uie
138 1892 1249 1996 oite su que sy tos et fine le uie
144 1945 1569 2051 ar mis su en le croil par le gent Renoie
156 2019 1463 2120 us yque uoꝰ ores en aistoie adrechie
151 2079 1435 2182 aide fu le uataille et fiere leuuoie
163 2136 1514 2247 duoient elifant que ly terre en bourdie
138 2187 1645 2329 randiste chie destrier tout parmy le graire
149 2274 1564 2401 auorent chil sarazin adlieul et ahasquie
149 2355 1449 2463 t amoury estoit a une aultre partie
142 2403 1516 2518 ers be mout deliuiẽt ose fe cheualerie
138 2456 1592 2587 Dessus le mout sen uint bamere desploie
262 2518 1355 2628 osses aprochent et amoury sescrie
326 2559 1801 2695 t seignour uarons pour dien lu fil marie
154 2631 1560 2771 ilrñ nest pas de grant gent Remplie
197 2718 1571 2831 le Roysont issus sur nostre barõme
200 2785 1797 2904 uous me uoles faire einsamnble uonzait
170 2854 1603 2969 e chite conquerbous ame nostre departi
142 2925 1705 3038 iieu dient ly baron chil feroit grant folie
170 2978 2011 3109 no pur eduy uous faupit ne our mort no por uie
156 3040 1686 3224 lus ou il uous plest nge uous feaoudan
