3104 4140
1525 618 1619 738 36
190 717 1329 807 a dont ase iouurbe tellement tramee
190 770 1486 871 Qua une freuestre est le roine arestee
188 834 1638 929 Le quelle estoit sur mer et ffaite et copassee
211 906 1606 984 urer uaura le paestre cnmy le mier salor
181 954 1656 1048 Onquel mar̾ xiour dame ne fu oussulle ne
294 1011 1700 1113 uant le fausse rome ot mort le capelain
273 1067 1767 1173 ny Remost aloier onques ne piec ne main
204 1124 1629 1223 t de liege et de flote u loia pour ce rtain
177 1191 1626 1290 un brief ly mist sur luy que di soit tout aplain
151 1258 1856 1352 Quil freuue cestuy hõme en lieu tant soit lontain
154 1311 1435 1409 De ne lensneche mie aguise de uilain
158 1363 1792 1478 Car il est gentieux qons et de moult grant reclain
165 1426 1833 1547 Et puis le male Rei uielle quant se uint auserain
172 1488 1555 1603 En le mer le geta ne fist ne qy ne clamn
144 1545 1502 1676 Ue scay ou armia d Par dieu souue rain
179 1591 1810 1731 Le baclle prent le bries que fu de maltout plain
190 1711 213 1793 f
393 1665 1612 1784 cambre sen uint lo atrouue Ie ruan
167 1738 1822 1842 Qui dermoit sur sur un lit il ne scet pas le crain
170 1798 1813 1899 Eurle uielle faisoit ⁊que lu de mal toute pain
147 1853 1803 1961 Pour destruire le delle que le cuertot humain
310 1918 1661 2007 auerne le dame le prent aretourauer
172 1964 1677 2070 ouarlet messagier sen unt saus arester
163 2026 1610 2120 Sui sur ie lit dormoit ne se proit leuer
172 2081 1688 2185 Et le uielle au cargnon a la le bruf bonterl
170 2143 1366 2249 Ie mesachier laissa iusqua a la iourue
156 2180 1606 2309 Chieux quant uy le pour soy prent a effraer
161 2247 1783 2373 Contre mout est saillis quaint il uit le iourcler
140 2323 1502 2417 Sa se uoisse regarda mais ne pat esprer
154 2389 1532 2481 due on len enst fait ne canger nemuer
163 2447 1304 2548 a le rtime uint le congiet demander
170 2507 1603 2610 Damedist le mesager il me comuint aler
172 2576 1329 2670 a celuy uouslares⟧ qui a tout a sauuer
163 2626 1606 2734 Se nul rieus uous uoles auastre fil mander
172 2697 1470 2780 sseliseran moult uien et dire et recorder
158 2748 1564 2854 Aus dist maguorite ueullies moy escouter
163 2806 1654 2914 alrs uous ent a Rõme sant point de la rester
165 2886 1686 2969 Et se ne ueullies Ia au cron de moy parler
156 2962 1714 3058 Et quant uous renerers dariere retourner
740 3019 1060 3116 pedeueror
1060 3118 1092 3164 3
