3104 4140
220 798 1398 892 Prẽdera a moullier et en fera sanne
340 867 1753 959 insi li Rois auchoiues q̃ tãt et hardement
269 924 1737 1007 H soupris de se fille ꝑ amoureux taleros
273 972 1739 1048 Celes lie le conchoit et baisoit donchement
280 1037 1652 1101 pees elle se gardoit de sen auãchemens
273 1081 1677 1156 Or am̃t a che temps dont Ie fay ꝑleuen
273 1133 1753 1221 Que li sains a postoles con apelloit climliot
264 1186 1587 1276 fu asis dedens Rõme de le paiiene gent
283 1242 1799 1334 Tar li fors srois urians ot fait Rassamblemẽt
276 1290 1371 1375 niis nulle ture se listoire ne ment
271 1350 1675 1437 aqioit auenc luy sorent pris lo gement
266 1405 1803 1488 Deuant srõme le gũt et lassailtent souuent
264 1462 1829 1538 Pour cõsondre no loy ou ne creoient noyent
271 1513 1688 1596 Et qũe li apostoles uit le herbereement
257 1568 1751 1644 Cardinaulx et le gaux apella haulteuent
269 1621 1840 1701 Et leur a dit seugurur or dies mon talent
243 1669 1714 1745 Dechy le Roy britant q̃ de guerre sme prent
266 1722 1714 1810 Ne me laira durer ensy ne aultrement
225 1780 1511 1862 Tant o lui de turs Ie le uoy clerement
368 1828 1868 1915 tous estiemes char bien croy tout uraiemet
289 1879 1769 1982 le feroient de noꝰ cun seul desgennement
266 1941 1537 2030 Or aious bon qseil po dieu oĩpotent
257 1998 1631 2081 er se creus estoie a che cõmenchendẽt
264 2049 1762 2155 Nioꝰ mãderiemes aughome q̃ tãt a hardemẽt
262 2116 1810 2205 Qii Iadis ot me meche en dron mariement
260 2173 1679 2260 le fille de mon frere qui a pries fiuement
248 2228 1774 2316 Droit en cõstrintinoble enoions uistement
250 2286 1875 2385 Quil noꝰ uiengne secourre o son efforchement
255 2346 1778 2449 Et chil out respondu uoꝰ parles loiulmont
248 2412 1645 2502 a chi conseit sacordet̾ po̾itam boiiemẽt
236 2470 1962 2562 Pris out unet cardinal con axxelloit floue floent
250 2536 1831 2617 Eauele proir die pare emportoit plainemeit
253 2580 1518 2674 De rõme se ꝑty au paxe ꝯgie prent
239 2635 1603 2734 Denezs ꝯstãtinoble sen ua priueement
361 2695 1668 2792 lissent li cardinaulx de põme se seura
338 2748 1803 2845 Ee moult t̃stoiemẽt lost des paizens passa
248 2803 1783 2893 Euuere cõstãtinoble uistement chenaicha
255 2861 1562 2955 Ie scay que uoꝰ diroye tellemẽt esploitra
262 2909 1500 3006 fet ꝑ mut et par iour si ĩsfort se hasta
243 2973 1663 3058 Droit a cõstãtinoble par ung ioendi entra
234 3024 1585 3111 Quãt auchome lestent encõtre lue ala
223 3081 1541 3199 Ie cardinal delõme grãdouũt honnera
