3104 4140
1364 821 2804 963 Rois astoit de chaslon chest bien coseaueree
1387 913 2712 1021 Augt plus bellit paien dela le mer salre
1392 963 2924 1083 let sauoit une dame moult tresbelle espousee
1369 1025 2781 1133 lille au poy ar denbourc ale chiere meubree
1392 1074 2666 1196 iot plus belle de luydelale mer betee
1382 1138 2784 1244 Et reoit bien en dyende cuer et de pensie
1371 1186 2685 1294 Mes nosoit amoistrer quelle ꝓsusto dne
1359 1244 2830 1338 Reeguent celle ⁊omne out plaisanche apeler
1352 1297 2885 1398 Pour e grande uiante dont elle estoit paree
1120 1357 1148 1442 1
1191 1334 1290 1458 Roy
1355 1350 1599 1437 Et les
1748 1359 2639 1460 scarlon dont p fait eusu
1350 1419 2678 1508 quoit auoi prians chest uerite prounee
1336 1465 3000 1582 Chieux faisoit as kestiens maint assault celle auee
1449 1529 2728 1621 flgieux roys descalon qut ot anon prans
1336 1619 2719 1727 Pu denant ou deuiere les estoit regnirane
1566 1582 2890 1681 ut pqir nogent pmuyre coutades su liscãs
1339 1683 2669 1780 On iour aloit alair ly aches Rois constant
1359 1738 2878 1851 res asses pres den logen destres ie des ureans
1359 1796 2800 1904 u prides sarazuis dont ses corps fudelans
1421 1858 2961 1966 le mena chieipe fois dont iet uous suilcoutcriss
1334 1895 2478 2003 Rissya estalonguene se fa arrestant
1309 1954 2708 2058 dessent ou ⟦alailiqua meruelle fugrans
1306 2021 2878 2141 de moulier uint encoutre ou baaulte fu mauans
1334 2081 2363 2173 Ie rome gentil not que .xuii ans
1297 2136 3034 2237 Parle uerta de dieit estoit en luy creunt IPriãs unnn
1339 2203 2699 2297 Eet moult essoit le belle a sen cuer desilan
2802 2210 3018 2267 le diome
1332 2254 2786 2346 he Re cheuoir baptesie souuent ꝓru pusant
2823 2233 3037 2313 tuẽ s blo
1327 2311 2814 2403 Idy dist douche dame symist ternagant
2823 2311 2998 2431 ꝑestiñ
1290 2371 2823 2463 iay un Roy crestien dout Ie suy moult iorins
1293 2431 2680 2523 Car a chyque ie ui cestoit le plus uaillans
1306 2493 2807 2587 De tous̾ les crestreus dont ne suy pis dolans
1297 2559 2685 2647 pien uoroie qui meust touste mulle prsais
1300 2619 2689 2723 lt uo peres lenest sen feroit fendenant
1260 2668 2869 2787 Sre che dist ly caoie dont fu biaux ly samblans
1300 2739 2825 2842 Ne le puet pas auoir lar enclos est defframr̃
1272 2792 2781 2900 Mles se uous le gardes moult en sera ioiana
1279 2849 2733 2962 a dont fe des armes ly rihes̃ rois ꝯstans
1265 2907 2634 3019 Tantost ho pu oster ly haubers iazerans
1272 2973 2708 3079 En laigqueton Remest ameruille fu grans
1260 3031 2864 3137 EEt biais et adrrchies les deux uairs etrians
1251 3093 2936 3231 quouet su biaux baclcelerõ bien taillies et scachant
