3104 4140
1615 591 1645 639 1
209 685 1633 791 que lanche demande a ung sien cheualier
250 779 1780 878 et chieiys ismellement le ua au rroybaillier
184 862 1695 963 dont ly Rois heuris ua ie laiche ar auaisier
188 936 1546 1037 Ua feeir en bescut mandaqum lauersier
190 1002 1937 1122 escit ly apporchie ⁊ le haubert h efeossiet
181 1085 1935 1202 Et le cuer de sen uentre dy a fait sy le cuer damagn
163 1173 1652 1278 Que mart la abatu par deles ung senier
200 1262 1656 1352 l escrie engleterre ar auant my guerrier
179 1338 1555 1444 la ueissies engles et Rõmainez enchacrer
184 1428 1718 1550 Qrs folons sarazuis qui sont mis on frapiir
363 1511 1944 1628 ignent pardeuant Rõme furent ly caple grãt
230 1573 1744 1711 Barazin et paien se sont tourne faant
167 1642 1679 1793 Iestandart out perdu dont il furent dolant
165 1720 1548 1858 Car heuris bot la baly a lespee Rrenchant
179 1800 1767 1934 duques puis Il ny ot rroy prinche naunrant
163 1879 1705 1996 Eut y peinist par forche gire luy faire tant
161 1952 1649 2074 Enelly estandart fust Redrechirs en estant
140 2035 1700 2157 Pour che fuirent paien et on les uacachant
165 2139 1564 2228 Lapostole de rõme ⁊ ly romain uaillant
213 2212 1794 2320 Et h le Roy dengleterre con ua lieury nõmait
197 2281 1737 2424 Iche iour conquesta che Rouuons nous li sant
163 2375 1580 2495 Ies armes a liepars ⁊ uiurent en anant
181 2470 1585 2571 Et emore le portent en fii or ueluisant
163 2539 1856 2677 Toul ly or hoir dengleterre en le terre denant
167 2631 1760 2753 Ientis les conquesta deuant Rõme le geant
167 2718 1785 2833 Ne scay que uous proie le can chon a longant
179 2806 1778 2909 port furent et ochis et dris et Retreant
163 2888 1587 2992 Irestout ly sarazui dont il y auoit tant
163 2960 1753 3081 Qont sen uout idestreus en Rõme Retournaent
