3104 4140
1527 565 1626 680 17
167 687 1746 784 eigneir cor mous aydies sil uoꝰ uient afalent
195 745 1755 846 hil glouton alemant noꝰ mourdrisent uieunent
144 791 1491 894 Dout salirent auant ly englet uistement
154 846 1428 947 es enfans ont resconst tos et lastiement
142 899 1624 991 Dioute de iloclestre les menerent urieument
163 952 1769 1041 Et quant dy queus les uit sy leur dist hauctement
174 1005 1596 1094 Eufant dont estes uous poutr dieuoinmpotent
133 1048 1357 1145 Sire clie dist hous parle mien sakement
202 1094 1723 1200 e scairous dout nous sõmes nedde quelteurment
181 1154 1817 1239 En un bos uerdoiant auous demoitre longement
165 1209 1518 1304 Auenques un hermte uri aubentierement
170 1260 1277 1366 Or sõmes party il nauure grament
131 1297 1658 1423 Mourquerte nostre mere et no pera ensement
138 1350 1635 1474 Et quant ly quens don sen pleure teurement
112 1416 1691 1527 poil lamoir des enfant claint ole corps gent
131 1462 1734 1577 puil mist en un uatel auoet ly douchenient
151 1520 1491 1621 Dr dirar de le dame que tant ut densient
149 1570 1378 1678 floriande le belle qui le cuier ot dolent
133 1621 1583 1727 our lus enfans quauoit baint sy faitement
161 1690 1601 1784 ar pour uenfant lyon ouuira parfaitement
161 1731 1362 1835 y rois de paradis ciqui le mout apent
170 1787 1484 1883 ar le ystoire dist ⁊ demoinstre et aprent
161 1839 1635 1931 ue le franche rome uint en son pauement
172 1890 1497 1980 et assist ase cable qui fust dor et dargent
163 1936 1553 2040 t tout sy chenalier et sy prinche ensement
149 2000 1472 2090 nes on leur aporta amenge⁊ largement
301 2040 1589 2143 ui et uenisson char et pani de forment
142 2099 1454 2205 clariandele uoit fe palle haultement
310 2175 1608 2251 uant clariande uit aporderamengier
289 2231 1856 2329 Ces quens a fait mander se leur dist saurtargier
216 2288 1642 2366 maneur uaron dist elle par dieu le dronrier
167 2336 1371 2424 a tort maues blame uon men boutilier
177 2394 1629 2484 dous me distes Qrains et uenstis nõchier
165 2444 1576 2536 duulauoit tant dõue et deuant et derier
163 2500 1642 2592 et quil nauoit cheeus Remes uin de daitier
211 2548 1488 2647 char ne uenisson aur paini un quartiez
170 2603 1705 2695 tnous auous chy tant son ne le poent uindier
158 2658 1691 2753 ous manes bien trandeeu uous doint eicõbrier
147 2718 1352 2808 ane deont ly quer et tout ly estiuer
128 2773 1546 2861 ar clieluy dieu de glore qui tout a aiugier
156 2815 1744 2916 Nle scanoiis dont chs uint sarscachies sans cuidier
151 2870 1468 2962 y auoit de uitaille qui uausist uon demer
147 2932 1698 3017 Ie pain ne char ne uin ny uault onquis laissier
138 2989 1631 3095 Sr en sont trestout plain et tambres et solier
