3104 4140
1217 798 2425 892 ung paintre mander qui estoit ses subgis
1113 862 2919 959 Ert se iy a fait paindre dor fin et daseur uiys. fõme de se fille en
1132 913 2763 1023 Dedes se maistre cambre ou estoit Ies lurq iplieux eu ei
1097 965 2393 1048 La furent les y maiges uien faittes ademi
1109 1028 2363 1097 En le sourme delaure dont il estoit espruz
1109 1069 2310 1145 Aiues li le couchoit et par nint ⁊ ꝑ dis
1092 1115 2443 1186 ponchenẽt lui baisoit et le bouchse et le uis
1104 1161 2501 1242 Rũt elamne ot .xiii ans młł fut ses corps masis
1109 1214 2310 1299 Et ꝑcrus et grant et de uiaulte garms
1099 1255 2482 1347 Iauoit sy belle fẽme iusquaie port brandis
1104 1317 2468 1396 Proite est et aluzmie sauoit les yeux traitis
1115 1352 2779 1467 Pucques dieꝰ ne fist dame puis qua le mort fu nus
1113 1416 2457 1517 qui passast la uiaubie delame dont Ie dus
1224 1465 2600 1566 Rugneure celle pucelle dont Ie uoꝰ segnefie
1095 1529 2462 1626 de uiaulte trũdie estoit si bien garme
1097 1586 2466 1688 Que cascũs qui le uoit en a sur elle ẽme
1120 1644 2450 1738 Qut sen uere le uoir en biaulte si furuie
1056 1690 2634 1796 Tant lamoit de bon ceur nest homs qui le uoꝰ die
1118 1750 2643 1851 Maint pnche souffissant de młt gut seigneurie
1122 1807 2498 1904 Demã doient le belle que descens fu garmie
1118 1862 2381 1954 Mais li Rois liscondist a hõme ne lottrie
1122 1906 2632 2017 Et dist dedeus son ceur ꝑensans plus dune fie
1127 1971 2558 2067 Que Iamais homs fors luy ne lara a amye
1120 2019 2664 2127 Or croist a la puchelle gũt paine et gñt haschie
1129 2081 2687 2182 De conquier o son pere moult forment se hontie
1122 2148 2703 2235 Et li disoit biaux peres poͬ dieu Ie uoꝰ emprie
1120 2201 2659 2297 Qua ꝑmoy sy uod plest Ie puisse estre couchie
1090 2256 2459 2350 Taisies ma belle fille fait Il nẽ parles mue
1136 2302 2731 2405 Ia ne geures ailleure tant quaie aie corxs la uie
1118 2369 2466 2456 Quãt la uelle lentẽr tout li sangs li fremie
1120 2424 2517 2523 Se disoit ueliement donche uierge marie
1127 2472 2521 2576 QQue din cerps Ihũ crist fus en toy Raemplie
1120 2532 2508 2633 Ile uoeulle cõsemnr Same Ie uoꝰꝰ emprie
1120 2576 2609 2688 QQue mer peres uers moy ait uolente cangie
1118 2633 2496 2743 Dathouch. er a mon corps troy seroie hõme
1132 2697 2505 2796 Mieulx amerede asses que Iesusse urine
1134 2746 2540 2852 Que doict si fait pechiet fuisse sla entequie
1136 2812 2344 2914 Si faittement disoit elamet ladrechie
1136 2868 2505 2973 Erauchomes le slois met en luy sestudie
1136 2925 2365 3022 Noze faire son qre et uolente laigrie
1127 2964 2606 3086 Aue mis le souprent et le sien cerir maistrie
1136 3022 2625 3148 Car plaisance et amour et sentẽte a ficquie
1134 3088 2294 3224 En le uoit et Et sceus q̃ se fille iolie
1290 3337 1355 3438 ‸
