3104 4140
260 901 1127 1021 Iy digne apostlede Rguon
278 970 1226 1083 Dascuns diamx le uiergenr estur
322 1069 411 1136 Son
444 1025 1113 1127 iclie cõpaigne o ane
262 1060 1226 1184 roult nous acies descouforrs
269 1117 1219 1232 put dites que nousi uous laureiͬ
347 1182 1003 1274 las que porons de ceeu
287 1235 1046 1322 ie nous sauous aqui cemt
276 1274 1017 1375 Aque noul porons saber
264 1320 1127 1432 tu estoirs noe Recouuerus
273 1366 1145 1476 io conpors et no esperanche
418 1419 1410 1534 ostoit tous nos cfiis de pors
441 1490 1086 1582 oies ly haulz tresors
260 1557 987 1639 por qui estiemes euriqus
266 1584 1258 1692 par coy sõmes nour ta fran quy
271 1646 1023 1764 ltoy soliomes recounrer
292 1681 1311 1814 uir boin couseil et uran crouues
280 1759 1118 1856 et lal que poronr dueuir
260 1803 1295 1918 Ruant de nous ce ueuls d partir
310 1862 1272 1964 rese ouche uiergene gloriense
276 1918 1274 2017 ancelle adieu more et esppensi
262 1971 1346 2074 u mains quant uous seres lasus
262 2044 1099 2129 auent uo digne sile ihũs
264 2095 1465 2194 Qu la gloite ou sont ler bours tours
276 2164 1097 2244 odies a uocate poit noucd
289 2208 1256 2304 et pour toute humaine lignie
276 2260 1148 2355 ors Respon dy sainte malie
285 2309 1118 2410 et dist ne spiel en esmay
266 2369 1325 2470 ros ia nl iour ne uorefeuray
432 2426 1263 2525 ly apostele chest tout cler
356 2488 1440 2585 primont ceurement aplourez
283 2548 1134 2633 da adens celle mansion
262 2624 1148 2679 qluoit du apure grait foi son
264 2663 1148 2746 fui au trespas Rurent uenie
255 2711 333 2780 De
393 2718 1000 2806 elle qui porta ihũ
241 2766 1327 2856 tui sur un uit cons mie estoit
292 2822 1081 2893 e uolente gieu ateu Rns
260 2870 1134 2955 Ly apostole sont entour ly
255 2921 1210 3015 qu estdient moult esmary
260 2969 1408 3072 Au cierch iour droit a le tierce eure
269 3040 632 3118 tel hõto
658 3033 1433 3139 sõmel leua courut seure
250 3091 1173 3173 Quil nor nuiloy en le maison
283 3132 1290 3254 pui ne sondormist a baudou
1516 809 1619 924 110
