3104 4140
1249 687 2701 795 En sen gieron le Iete et puis se ua leuant
1263 747 2643 855 Dele cambre est issus ou palais ua entrant
1265 809 2038 894 Prat sen frere atrouue
1389 855 2666 965 priue ly adit tout le sien couuenant
2172 839 2696 919 le ua qapelant
1286 908 2922 1018 Er quant Mras lentendy souuent sen uasaignant
1244 959 2560 1062 Euant brus oy lyon sy faitement parlez
1410 1018 2597 1113 padit en liault que ne ly uault celer
1251 1069 2586 1175 Frere nous ne poous plui chy demourer
1249 1129 2634 1225 Car se nous de mourons iose bien a frimier
1247 1179 2471 1283 Tuelle nens fera grande Pane undurer
1274 1244 2687 1347 Il est tamps et saisons que nous a lous Rouuer
1274 1301 2673 1428 le pere qui nous uaulte de se char engeurer
1304 1352 2252 1444 et le mere ensement quades no
1279 1398 2703 1490 et hones respondy chaͣ foit acenuaͥͣ porter
1242 1453 2583 1547 Aidont feuo sen sont uenuau au conte pñter
1249 1508 2570 1577 EEt lious cõmencha tout prunmers auarle⁊
1256 1559 2747 1635 Et mn a dit chiers sires dieu uoꝰ ueulle sauuir
1260 1609 2687 1699 Ie uo court nous uolons partir et deseuerer
1226 1662 2540 1734 Epy en uenous a uous le congiet demaicter
1226 1711 2906 1812 Uos biens fais uoz puist dieux es chienx querdõner
1231 1768 2595 1856 Far dechy partirons sans plus de larestez
1242 1830 2770 1904 Cant longurment yrous et parcierrce et parmer
1247 1874 2758 1954 Que nous porons et no pere et no mere trouuer
1267 1922 2443 1998 Quant ly contes loy se prent a sou pirer
1265 1961 2650 2051 des deux enfans, Iunnaux ne souoit que penser
1277 2017 2634 2099 our les enfans̃ olame Il ne stet que uiser
1219 2067 2655 2157 Iuis dist a luy meismes courl poit escouter
1242 2122 2574 2210 Phe ne peuent Il estre a bien considerer
1221 2180 2669 2263 Elame ses deux fieux umult auenc amn memir
1214 2231 2533 2316 En aucan lieu leet fait neoir et esleuer
1210 2290 2586 2378 Iamais ne les laroit par de cha retourner
1228 2346 2367 2426 Oueulle neust dit et uolu macõter
1221 2396 2735 2484 Du aroy heury leur quere qui le uault enteurer
1267 2454 2616 2532 et chil chy ne me sceuent dire ne record
1231 2507 2887 2587 Dout u fout ne de quel liei ne qui les uault porter
1217 2559 2786 2645 heut mere ne cõuoissoient et pour che puis penser
1182 2612 2666 2697 ¶orit mi sent fil elainesque qe mis en le mer
1235 2665 2383 2757 lors adit alion quil uit bel bacheler
1219 2723 2827 2808 Er abras le isien frere moult hauttement et cler
1214 2771 2885 2868 EEufant quant ne uous plet de plis chy de mourer
1267 2833 2687 2909 e faire uo poursit ne uous uoeul desloirber
1217 2886 2705 2962 idont leuer Ist le conte maintenant presenter
1233 2927 2648 3019 Et or fin et algeut Pour en eux gouurener
1208 2976 2466 3100 Et a fait acascun un palefroy dõnner
