3104 4140
1359 947 2827 1035 gent crestirunt solount mauoit et herbegier
1265 986 2646 1097 laheterent le corpa par sales un unne⁊
1493 1062 2726 1138 st mora amouris aduel et a hasquerie
1281 1106 2784 1179 et ly seua corpa traines groit alosteleru
1249 1150 2890 1246 Ou plai sanche ly belle fu lone tamꝑo herbegie
1267 1225 1380 1288 B
1530 1209 2949 1301 nn le corpe b nt paei signr ẽ leate gariu
1274 1265 2489 1357 Iaia il ont fait un qui est de le dimie
1265 1324 2751 1414 roy qurtant le felon qui le sorpo diumandie
1272 1389 2659 1469 piauoritant ot auon ychieux ie uous affie
1265 1437 2450 1524 Il leuõ fu cour̃õnes de celle seignourie
1281 1497 2577 1582 sy pardessans terre atraule hpaigmie
1272 1538 2634 1639 a. Nuẽ les gena trestieus monstrer se relõme
1272 1598 2673 1706 prais ꝑ etit leur hrena car ly ost fust ganne
1228 1676 2685 1761 Se furent Re cueul firt une lieue et denne
1240 1736 2699 1816 Par une aultre cuerae sont Rentre cellefie
1240 1784 2653 1867 Ille aidout fu le chite uaillaumectassalie
1426 1830 2551 1918 uant et dru re achasama partir
1256 1881 2432 1987 Car il ꝑ lest achũn formee araimie
1231 1929 2680 2037 Pour ganoir amourn mais ne scauoient mie
1226 1982 2853 2099 e nausy fest fust nus amort ꝑ le gent paieme
1237 2063 2570 2155 Et uant ihemry le sara ale chure hardie
1256 2111 2784 2203 set ly uoue ⁊ dis anchomes qui tant a seignoune
1256 2166 2871 2274 Moult en seroit delent pour uray le uoꝰasfie
1244 2237 2556 2323 Car my ot sy petit en le cheualerie
1249 2295 2949 2380 En nauaist amoury coier le grant uaillandie
1237 2343 2664 2438 Debõnaires estoit proudoya sans uilõme
1293 2401 2666 2493 dom chi plaist achi et Iou et iille
1251 2451 2809 2543 Oasaler le chite ne comuen cõtie pas cõtrie
1274 2518 1323 2605 F
1364 2520 1382 2589 5
1546 2516 2832 2619 uoist a douuer adens lost Resongnie
1231 2550 2457 2656 Car tout sans demander soidoierie
1219 2628 2630 2730 Garmerait lhũn poir a bataille tengie
1267 2711 1293 2753 I
1445 2688 2712 2801 enya chelloy quau aoy hery ne di
1210 2741 2450 2852 Sire ear afalons le cite agcusie
1224 2803 2777 2914 Tant quailionrte Raioais enlle nostre uaillu
1228 2877 2772 2964 Pont ycuoient amurs ꝯmencheer benuaye
1224 2927 2738 3040 I assalent encãtre que ain falirent mie
1233 3008 2926 3107 Corquis tant le simenghi que cãt a signourie
1237 3070 2634 3164 sarazmn et paupr en ont sy gant euuie
1231 3127 2841 3229 de. che ꝯ lee assault par sy grãde maistrie
1375 3199 2915 3314 aguenior iscoutrs qeli dieu le roy amant
