3104 4140
1228 984 2142 1085 eMais par ceste sont racates
1398 1032 2052 1124 iusy ln angle signoury
1380 1085 2162 1184 Demsoient que ie uous dy
1474 1150 1891 1228 estoient ordem
1293 1202 1965 1276 An costees pour uente
1288 1246 2243 1327 Rengies a ni rens humblement
1297 1288 2376 1377 plans de la uurgens aucorpsgent
1286 1350 2358 1435 Eui deuant iaier ou chiel mouton
1438 1414 2215 1490 y grande clorere arendoit
1341 1460 2103 1534 rux tout en furent es babiy
1346 1511 2225 1605 ascimie diauo senclina uers ln
1332 1566 2132 1653 re scantoient Rer cõmenue
1293 1614 2075 1699 De ni par contie peuenue
1302 1658 2149 1747 Et pour tant quil e leuoient
1302 1711 2103 1798 lra paroles que Il disdient
1309 1764 2188 1862 lun contre lautre de cuersin
1313 1816 1992 1906 furent ordene uy lottrin
1306 1867 2254 1973 Ront i on doibt auoir tel leglife
1300 1918 1985 2003 Or dene fu par celle gh
1309 1964 2213 2049 Et ly angles aun les pbrloient
1387 2026 2204 2113 Ay aultre les respoudoient
1392 2076 2277 2162 a uiergenr ales angles passesz
1426 2127 2206 2214 or elte ne su mie ses grel
1290 2168 2213 2265 Destre auonc yliux demourons
1316 2226 2199 2327 Folr che ne sont que les sernans
1410 2288 2073 2359 elle ouquer̃ serne nofu
1313 2325 1965 2419 Pu uiiiͤ chiel seiparut
1456 2387 2114 2474 st nestont pormm pas
1339 2438 2273 2527 donns net ueu uy est demouree
1336 2484 1988 2578 a estoient ly chernom
1403 2546 2006 2633 en apes ly cerdesin
1306 2589 2390 2695 De le uiergere se uout meruillant
1300 2642 2156 2730 Qui telle clarte uaRoiseut
1297 2704 2156 2799 Eene tout en furent eseabie
1311 2748 2146 2849 Eet la uiergene ne salengy
1346 2808 1359 2884 .
1438 2808 1507 2877 ne
1686 2812 2296 2941 paint de pestebbe
1302 2861 1359 2930 D
1378 2833 1976 2950 yo ͦ biel est uenne
1295 2909 2119 3006 Qu son fil fu qui latent la
1300 2971 1951 3049 alinye dist Il uenere
1318 3003 2245 3098 uous estes toute uelleet uoire
1290 3054 2448 3162 ꝓdur tant uous ueul donerlourẽcue
1421 3114 2386 3206 dil dieux qui ouues nementy
1449 3171 2086 3233 ssin saa mere dencõste
2119 3167 2160 3224 br
1309 3206 2190 3316 proitement u sen destre hes
