<?xml version="1.0" encoding="UTF-8"  standalone="yes"?>
<PcGts xmlns="http://schema.primaresearch.org/PAGE/gts/pagecontent/2019-07-15" xmlns:xsi="http://www.w3.org/2001/XMLSchema-instance" xsi:schemaLocation="http://schema.primaresearch.org/PAGE/gts/pagecontent/2019-07-15 http://schema.primaresearch.org/PAGE/gts/pagecontent/2019-07-15/pagecontent.xsd">
  <Metadata>
	<Creator>escriptorium</Creator>
	<Created>2025-10-15T20:24:25.325102+00:00</Created>
        <LastChange>2025-10-15T20:24:25.325128+00:00</LastChange>

  </Metadata>
  <Page imageFilename="620416201_MS0742_0766_0162B.jpg" imageWidth="3104" imageHeight="4140">

    
    <TextRegion id="eSc_textblock_25459ab1"  custom="structure {type:text;}">
      <Coords points="1387,984 2717,993 2763,1011 2774,1094 2901,1113 2901,1313 2947,1398 2910,1561 3002,1637 3011,1791 2993,1911 2864,1996 2837,2095 2864,2242 2929,2281 2919,2518 3030,2594 3021,2730 2919,2796 2947,2950 3021,2989 2956,3190 2901,3247 2919,3282 2570,3309 1369,3300 1369,2612 1359,2520 1304,2500 1304,2447 1359,2362 1378,2159 1387,984"/>
      
      
      <TextLine id="eSc_line_98149951" custom="structure {type:default;}">
        <Coords points="2719,995 2712,993 2653,998 2646,991 2627,991 2606,991 2597,998 2540,991 2535,991 2512,991 2491,991 2471,1002 2296,1002 2277,991 2271,988 2268,988 2266,988 2264,988 2252,991 2220,1000 2206,991 2204,988 2202,988 2199,988 2197,988 2181,991 2126,1002 2089,991 2082,988 2075,988 2052,988 2040,986 2020,991 1951,1002 1930,991 1921,986 1919,986 1914,986 1891,986 1868,986 1861,986 1859,986 1856,986 1854,986 1854,988 1852,991 1836,1005 1760,991 1744,988 1741,988 1739,988 1734,991 1700,1005 1658,991 1654,988 1652,988 1534,988 1532,988 1530,988 1525,991 1484,1005 1468,991 1468,988 1465,988 1463,988 1461,988 1408,988 1410,1051 1410,1069 1633,1069 1635,1069 1670,1081 1672,1081 1675,1081 1677,1081 1728,1069 1734,1067 1739,1069 1764,1078 1767,1078 1769,1081 1944,1081 1944,1078 2045,1067 2047,1067 2121,1076 2123,1076 2126,1076 2128,1076 2128,1074 2137,1064 2139,1064 2142,1064 2181,1076 2183,1076 2185,1076 2188,1076 2190,1076 2202,1064 2204,1064 2211,1064 2298,1074 2300,1074 2747,1060 2747,1039 2740,1002 2719,995"/>
        <Baseline points="1410,1051 2747,1039"/>
        <TextEquiv conf="0.9681102052330971">
          <Unicode>Dont fist lel iiii aem ou palais aporter</Unicode>
        </TextEquiv>
      </TextLine>

      
      
      <TextLine id="eSc_line_a3bec634" custom="structure {type:default;}">
        <Coords points="1599,1051 1596,1051 1514,1064 1481,1053 1479,1053 1477,1053 1474,1053 1442,1064 1445,1104 1447,1131 1484,1117 1629,1129 1631,1129 1633,1129 2710,1117 2712,1101 2710,1067 2664,1051 2662,1051 2554,1051 2551,1051 2549,1051 2547,1051 2528,1064 2418,1051 2416,1051 2413,1051 2411,1051 2411,1053 2397,1064 2360,1051 2358,1051 2356,1051 2254,1064 2206,1051 2204,1051 2202,1051 2199,1051 2197,1051 2197,1053 2183,1067 2105,1067 2059,1051 2057,1051 2054,1051 2052,1051 2001,1067 1808,1067 1783,1053 1780,1053 1778,1053 1652,1064 1601,1051 1599,1051"/>
        <Baseline points="1445,1104 2712,1101"/>
        <TextEquiv conf="0.9658313414880207">
          <Unicode>y oro qui estoit sus les fait Reliure cler</Unicode>
        </TextEquiv>
      </TextLine>

      
      
      <TextLine id="eSc_line_87656152" custom="structure {type:default;}">
        <Coords points="1463,1154 1463,1182 1840,1175 1859,1182 1870,1186 1872,1186 1875,1186 1914,1182 1988,1173 1997,1182 1999,1182 1999,1184 2001,1184 2004,1184 2006,1186 2229,1186 2229,1184 2252,1182 2330,1170 2372,1182 2374,1182 2376,1182 2379,1182 2386,1182 2450,1170 2620,1182 2648,1182 2650,1182 2666,1182 2777,1168 2892,1179 2894,1143 2890,1115 1461,1110 1463,1154"/>
        <Baseline points="1463,1154 2323,1156 2894,1143"/>
        <TextEquiv conf="0.9893069687214765">
          <Unicode>et quant dh uirs ler uit couleur prist amuer</Unicode>
        </TextEquiv>
      </TextLine>

      
      
      <TextLine id="eSc_line_a21e85d5" custom="structure {type:default;}">
        <Coords points="2328,1156 2326,1156 2323,1156 2321,1156 2310,1166 2307,1170 2197,1173 2011,1173 2006,1166 1999,1161 1999,1159 1997,1159 1994,1159 1992,1159 1951,1166 1909,1173 1845,1166 1799,1161 1797,1161 1732,1166 1601,1175 1424,1166 1426,1212 1426,1232 1649,1230 1652,1230 1679,1244 1682,1244 1684,1244 1794,1230 1813,1228 1815,1230 1833,1242 1836,1242 1838,1242 1840,1244 1944,1244 1944,1242 2100,1228 2202,1239 2204,1239 2206,1239 2208,1239 2220,1228 2229,1235 2229,1237 2231,1237 2234,1237 2236,1237 2296,1223 2305,1223 2312,1223 2374,1237 2376,1237 2379,1237 2381,1237 2395,1223 2397,1221 2526,1221 2540,1221 2648,1235 2650,1235 2724,1219 2726,1200 2724,1168 2689,1154 2687,1154 2685,1154 2682,1154 2636,1168 2595,1168 2365,1168 2358,1166 2330,1156 2328,1156"/>
        <Baseline points="1426,1212 2726,1200"/>
        <TextEquiv conf="0.975804510954264">
          <Unicode>Iemis est a mahon du put le ua bonter</Unicode>
        </TextEquiv>
      </TextLine>

      
      
      <TextLine id="eSc_line_abc8ece0" custom="structure {type:default;}">
        <Coords points="2719,1202 2701,1202 2676,1209 2648,1216 2581,1212 2554,1209 2551,1209 2526,1212 2422,1223 2406,1212 2399,1207 2397,1207 2395,1207 2393,1207 2390,1207 2388,1207 2388,1209 2381,1214 2369,1225 1916,1232 1826,1219 1801,1216 1799,1216 1797,1216 1794,1216 1794,1219 1792,1221 1776,1235 1744,1223 1741,1223 1691,1221 1642,1221 1640,1221 1638,1221 1635,1221 1603,1235 1580,1223 1580,1221 1578,1221 1576,1221 1573,1221 1571,1221 1564,1223 1525,1232 1385,1225 1387,1269 1392,1304 1403,1292 1433,1301 1442,1304 1445,1304 1447,1304 1465,1301 1518,1290 1553,1299 1571,1304 1573,1304 1576,1304 1608,1297 1654,1288 1698,1294 1734,1301 1737,1301 1803,1292 1829,1290 1921,1290 2275,1292 2277,1292 2280,1292 2312,1281 2326,1276 2346,1278 2406,1290 2409,1290 2411,1290 2441,1276 2450,1274 2475,1276 2574,1288 2577,1288 2579,1288 2581,1288 2581,1285 2595,1274 2597,1271 2604,1274 2664,1285 2666,1285 2669,1285 2671,1285 2689,1271 2692,1269 2809,1267 2811,1242 2807,1209 2719,1200 2719,1202"/>
        <Baseline points="1387,1269 2169,1269 2811,1242"/>
        <TextEquiv conf="0.9675755629485304">
          <Unicode>Epy que lae fait acerrce deuant luy Reuerser</Unicode>
        </TextEquiv>
      </TextLine>

      
      
      <TextLine id="eSc_line_4559da3c" custom="structure {type:default;}">
        <Coords points="1562,1327 1539,1327 1497,1336 1484,1327 1470,1327 1468,1324 1435,1336 1405,1324 1403,1370 1401,1393 1426,1407 1428,1407 1431,1407 1433,1407 1435,1407 1454,1396 1633,1407 1635,1407 1638,1407 1640,1407 1640,1405 1658,1391 1728,1403 1730,1403 1813,1391 1829,1405 1829,1407 1831,1407 1833,1407 1836,1407 1953,1391 1974,1407 1976,1407 1978,1407 1981,1407 1983,1407 1985,1407 2006,1393 2036,1407 2038,1407 2040,1407 2185,1396 2227,1407 2229,1407 2231,1407 2234,1407 2236,1407 2236,1405 2252,1391 2349,1407 2351,1409 2496,1409 2496,1407 2498,1407 2501,1407 2501,1405 2514,1393 2620,1407 2623,1407 2625,1407 2627,1407 2627,1405 2643,1391 2761,1391 2763,1366 2756,1334 1626,1336 1580,1327 1562,1327"/>
        <Baseline points="1403,1370 2264,1380 2763,1366"/>
        <TextEquiv conf="0.9811221374405755">
          <Unicode>pait̾ ly fort Rois hurtaux se cprista escrier</Unicode>
        </TextEquiv>
      </TextLine>

      
      
      <TextLine id="eSc_line_d243669c" custom="structure {type:default;}">
        <Coords points="2245,1267 2243,1267 2241,1267 2238,1267 2213,1281 1978,1274 1976,1274 1859,1285 1780,1274 1778,1274 1776,1274 1774,1274 1774,1276 1771,1276 1762,1288 1456,1278 1458,1324 1458,1345 2542,1347 2544,1347 2547,1347 2549,1347 2567,1331 2581,1343 2583,1343 2586,1343 2588,1343 2590,1343 2593,1343 2613,1329 2738,1343 2740,1343 2742,1343 2745,1343 2745,1340 2761,1324 2864,1322 2864,1301 2853,1258 2830,1271 2565,1262 2547,1262 2544,1262 2535,1262 2388,1278 2250,1267 2245,1267"/>
        <Baseline points="1458,1324 2225,1324 2864,1301"/>
        <TextEquiv conf="0.9889409571886063">
          <Unicode>ont mainteuant alastea les mltris tramer</Unicode>
        </TextEquiv>
      </TextLine>

      
      
      <TextLine id="eSc_line_e6398ac3" custom="structure {type:default;}">
        <Coords points="2192,1380 2190,1380 2188,1380 2185,1380 2183,1380 2183,1382 2162,1400 2116,1384 2114,1384 2112,1384 2109,1384 2038,1403 1971,1384 1969,1384 1967,1384 1965,1384 1962,1384 1935,1403 1886,1391 1884,1391 1882,1391 1822,1398 1799,1384 1787,1375 1785,1375 1783,1375 1780,1375 1778,1375 1776,1375 1764,1384 1737,1403 1709,1386 1707,1386 1705,1386 1702,1386 1672,1403 1610,1386 1594,1382 1592,1382 1589,1382 1587,1382 1573,1386 1543,1396 1509,1386 1465,1375 1463,1375 1461,1375 1408,1386 1410,1437 1410,1453 1760,1453 1769,1458 1792,1467 1794,1467 1797,1467 1870,1458 1909,1453 1919,1458 1930,1467 1932,1467 1935,1467 1937,1467 1939,1467 1960,1458 1965,1458 1990,1458 2144,1469 2146,1469 2284,1460 2346,1458 2409,1462 2478,1467 2480,1467 2482,1467 2496,1462 2535,1451 2590,1462 2593,1462 2646,1451 2662,1465 2664,1467 2666,1467 2669,1467 2671,1467 2696,1465 2761,1455 2779,1465 2784,1467 2786,1467 2788,1467 2924,1465 2926,1432 2922,1373 2807,1373 2804,1373 2802,1373 2800,1373 2774,1393 2655,1377 2653,1377 2650,1377 2648,1377 2611,1400 2551,1389 2549,1389 2468,1400 2422,1386 2420,1386 2418,1386 2358,1400 2340,1386 2340,1384 2337,1384 2335,1384 2333,1384 2220,1398 2195,1380 2192,1380"/>
        <Baseline points="1410,1437 2926,1432"/>
        <TextEquiv conf="0.9847861237304155">
          <Unicode>Seigmur uarondist Il ie uous ueul cõmander</Unicode>
        </TextEquiv>
      </TextLine>

      
      
      <TextLine id="eSc_line_21a322af" custom="structure {type:default;}">
        <Coords points="1394,1494 1394,1515 1463,1527 1465,1527 1468,1527 1470,1527 1484,1515 1488,1513 1548,1513 1569,1515 1649,1527 1652,1527 1654,1527 1656,1527 1656,1524 1668,1515 1670,1513 1778,1513 1785,1513 1838,1527 1840,1527 1843,1527 1845,1527 1889,1513 1898,1511 1955,1513 2218,1524 2220,1524 2282,1511 2291,1508 2294,1511 2307,1522 2310,1522 2312,1522 2314,1522 2521,1508 2540,1508 2544,1508 2600,1522 2602,1522 2604,1522 2742,1506 2745,1488 2740,1455 2581,1455 2579,1453 2560,1437 2558,1437 2556,1437 2554,1437 2551,1437 2503,1453 2498,1453 2491,1453 2452,1439 2450,1439 2448,1439 2445,1439 2418,1451 2413,1455 2287,1458 2022,1458 2013,1449 2006,1442 2006,1439 2004,1439 2001,1439 1999,1439 1939,1449 1895,1453 1884,1446 1868,1439 1866,1439 1863,1439 1861,1439 1859,1439 1849,1446 1833,1458 1803,1446 1790,1442 1787,1442 1785,1442 1783,1442 1769,1446 1748,1453 1714,1446 1693,1442 1691,1442 1688,1442 1679,1446 1649,1458 1619,1444 1610,1442 1608,1442 1606,1442 1583,1444 1527,1453 1509,1444 1504,1442 1502,1442 1500,1442 1392,1442 1394,1494"/>
        <Baseline points="1394,1494 2745,1488"/>
        <TextEquiv conf="0.9668496338332572">
          <Unicode>Qne de cestuy crestien me saites asseurer</Unicode>
        </TextEquiv>
      </TextLine>

      
      
      <TextLine id="eSc_line_3481ebb8" custom="structure {type:default;}">
        <Coords points="1447,1600 1445,1614 1539,1616 1555,1632 1555,1635 1557,1635 1560,1635 1562,1635 1564,1635 1619,1619 1656,1635 1658,1635 1661,1635 1771,1623 1808,1637 1810,1637 1813,1637 2162,1621 2165,1621 2268,1621 2294,1639 2296,1639 2298,1639 2300,1639 2303,1639 2305,1639 2323,1626 2335,1635 2335,1637 2337,1637 2340,1637 2342,1637 2420,1623 2487,1639 2489,1639 2694,1642 2696,1642 2699,1642 2738,1626 2878,1623 2880,1609 2878,1573 1447,1563 1447,1600"/>
        <Baseline points="1447,1600 2880,1609"/>
        <TextEquiv conf="0.9506344199180603">
          <Unicode>e⁊ ueulque uqus faichira ui nois car̃pender</Unicode>
        </TextEquiv>
      </TextLine>

      
      
      <TextLine id="eSc_line_4a5b7fb9" custom="structure {type:default;}">
        <Coords points="1520,1550 1523,1586 1557,1568 1638,1568 1734,1568 1748,1582 1751,1582 1751,1584 1753,1584 1755,1584 1757,1584 1760,1584 1771,1580 1813,1566 1856,1580 1868,1582 1870,1582 1872,1582 2091,1580 2093,1580 2107,1573 2126,1563 2218,1570 2326,1577 2328,1577 2330,1577 2333,1577 2333,1575 2342,1566 2346,1563 2353,1566 2367,1577 2369,1577 2372,1577 2374,1577 2376,1577 2427,1566 2436,1563 2443,1563 2517,1577 2519,1577 2811,1554 2814,1534 2807,1501 2015,1515 1826,1504 1810,1504 1808,1504 1806,1504 1803,1504 1767,1517 1748,1506 1746,1506 1744,1506 1741,1506 1622,1517 1610,1508 1610,1506 1608,1506 1606,1506 1518,1506 1520,1550"/>
        <Baseline points="1520,1550 2287,1552 2814,1534"/>
        <TextEquiv conf="0.980467003403288">
          <Unicode>scanes uus ꝯment Ie le ueuldmener</Unicode>
        </TextEquiv>
      </TextLine>

      
      
      <TextLine id="eSc_line_c08c99dd" custom="structure {type:default;}">
        <Coords points="2993,1630 2986,1623 2793,1614 2791,1614 2788,1614 2756,1623 2735,1628 2676,1623 2609,1616 2606,1616 2579,1621 2551,1628 2542,1621 2533,1614 2531,1614 2528,1614 2526,1614 2524,1614 2521,1614 2510,1621 2501,1628 2413,1621 2349,1616 2346,1616 2344,1616 2335,1621 2319,1628 2305,1621 2296,1614 2294,1614 2291,1614 2289,1614 2287,1614 2268,1621 2250,1626 2190,1619 2132,1614 2130,1614 2128,1614 2107,1619 2075,1628 2043,1619 2027,1614 2024,1614 2022,1614 2020,1614 2008,1619 1985,1630 1863,1630 1783,1616 1755,1614 1753,1614 1751,1614 1744,1616 1721,1628 1702,1616 1700,1614 1698,1614 1695,1614 1693,1614 1691,1614 1688,1614 1686,1616 1670,1630 1606,1630 1594,1616 1592,1616 1592,1614 1589,1614 1587,1614 1585,1614 1583,1614 1576,1616 1550,1626 1451,1616 1451,1665 1451,1688 2993,1683 2995,1667 2993,1630 2993,1630"/>
        <Baseline points="1451,1665 2995,1667"/>
        <TextEquiv conf="0.9561617457589437">
          <Unicode>lt paus ferona che g lout par a seureolauir</Unicode>
        </TextEquiv>
      </TextLine>

      
      
      <TextLine id="eSc_line_f9a92cee" custom="structure {type:default;}">
        <Coords points="2303,1667 2300,1667 2298,1667 2275,1676 2264,1681 2204,1676 2119,1669 2116,1669 2114,1669 2098,1676 2077,1685 1912,1685 1893,1674 1886,1669 1884,1669 1882,1669 1879,1669 1877,1669 1875,1669 1870,1674 1859,1683 1815,1674 1792,1669 1569,1669 1566,1669 1564,1669 1557,1672 1537,1681 1421,1672 1424,1724 1424,1738 1537,1738 1543,1741 1587,1754 1589,1754 1592,1754 1594,1754 1629,1741 1635,1738 1774,1738 1778,1741 1794,1754 1794,1757 1797,1757 1799,1757 1801,1759 1967,1759 1967,1757 1969,1757 1971,1757 1994,1743 2001,1738 2015,1743 2063,1757 2066,1757 2068,1757 2070,1757 2100,1743 2128,1757 2130,1757 2132,1757 2236,1752 2238,1752 2241,1752 2250,1743 2259,1738 2266,1743 2280,1754 2282,1754 2284,1754 2287,1754 2289,1754 2328,1743 2353,1736 2372,1743 2397,1754 2399,1754 2402,1757 2480,1757 2480,1754 2482,1754 2485,1754 2485,1752 2496,1745 2505,1736 2565,1736 2586,1745 2611,1754 2613,1754 2616,1754 2791,1752 2793,1752 2795,1752 2804,1745 2814,1738 2871,1745 2940,1754 2942,1754 2988,1745 2991,1720 2986,1683 2869,1669 2867,1669 2864,1669 2830,1681 2827,1683 2611,1683 2604,1678 2577,1669 2574,1669 2572,1669 2570,1669 2549,1678 2544,1683 2351,1683 2337,1676 2305,1667 2303,1667"/>
        <Baseline points="1424,1724 2991,1720"/>
        <TextEquiv conf="0.9667189184655535">
          <Unicode>de clanr dachur ly faites pamnes et pies clauer</Unicode>
        </TextEquiv>
      </TextLine>

      
      
      <TextLine id="eSc_line_963e07a7" custom="structure {type:default;}">
        <Coords points="1435,1780 1438,1814 1486,1798 1610,1798 1645,1814 1647,1814 1649,1814 1652,1814 1817,1803 2144,1816 2190,1816 2192,1816 2202,1816 2273,1800 2358,1800 2379,1814 2381,1814 2383,1814 2386,1814 2388,1814 2436,1800 2455,1814 2457,1814 2459,1814 2462,1814 2464,1814 2482,1805 2597,1816 2611,1816 2613,1816 2616,1816 2618,1816 2646,1800 2846,1800 2871,1812 2873,1812 2876,1812 2947,1800 2982,1816 2988,1775 2984,1734 2795,1729 2793,1729 2791,1729 2784,1731 2756,1743 2747,1734 2747,1731 2745,1731 2742,1731 2740,1731 2738,1731 2735,1731 2692,1745 2673,1731 2671,1729 2669,1729 2666,1729 2664,1729 2662,1729 2655,1731 2627,1741 2531,1731 2508,1729 2505,1729 2503,1729 2498,1731 2471,1747 2296,1747 2254,1729 2252,1729 2250,1729 2248,1729 2245,1729 2243,1729 2243,1731 2225,1747 2089,1747 2054,1731 2052,1731 2050,1731 2047,1731 2006,1745 1794,1745 1776,1729 1776,1727 1774,1727 1771,1727 1769,1727 1767,1727 1764,1727 1730,1743 1705,1727 1702,1727 1700,1727 1698,1727 1695,1727 1693,1727 1670,1743 1571,1731 1569,1731 1566,1731 1525,1743 1435,1727 1435,1780"/>
        <Baseline points="1435,1780 2588,1787 2988,1775"/>
        <TextEquiv conf="0.9562461706607238">
          <Unicode>et puil ferons de xpms de sien chlel courõner</Unicode>
        </TextEquiv>
      </TextLine>

      
      
      <TextLine id="eSc_line_320c1cfe" custom="structure {type:default;}">
        <Coords points="2636,1787 2627,1787 2611,1798 2597,1798 2462,1798 2445,1787 2429,1787 2418,1787 2386,1798 2383,1798 2349,1787 2337,1787 2314,1787 2307,1787 2245,1798 2231,1800 2225,1798 2204,1791 2202,1791 2199,1791 2036,1798 1916,1803 1886,1798 1817,1784 1815,1784 1813,1784 1778,1798 1757,1805 1721,1798 1677,1789 1675,1789 1672,1789 1649,1798 1635,1803 1626,1798 1606,1787 1603,1787 1601,1787 1440,1796 1442,1835 1445,1869 1474,1858 1587,1867 1633,1872 1635,1872 1638,1872 1652,1867 1684,1858 1914,1865 2105,1869 2107,1869 2109,1869 2123,1862 2132,1858 2183,1860 2271,1867 2273,1867 2326,1860 2372,1853 2409,1858 2471,1867 2473,1867 2475,1867 2498,1858 2503,1856 2751,1856 2754,1830 2749,1800 2666,1800 2666,1798 2650,1787 2636,1787"/>
        <Baseline points="1442,1835 2004,1846 2754,1830"/>
        <TextEquiv conf="0.9671236490591978">
          <Unicode>Et puis se ly ferons dune lanche trauer</Unicode>
        </TextEquiv>
      </TextLine>

      
      
      <TextLine id="eSc_line_3be9db43" custom="structure {type:default;}">
        <Coords points="2335,1839 2333,1839 2330,1839 2323,1839 2303,1853 2142,1844 2139,1844 2137,1844 2098,1858 2073,1846 2054,1846 2047,1846 2034,1858 1919,1846 1916,1846 1914,1846 1854,1862 1778,1849 1776,1849 1774,1849 1718,1862 1691,1849 1688,1849 1686,1849 1684,1849 1638,1865 1548,1849 1550,1892 1550,1936 1705,1920 1734,1931 1739,1934 1741,1934 1744,1936 1744,1934 1746,1934 1751,1931 1780,1920 1820,1929 1833,1934 1836,1934 1838,1934 1840,1934 1849,1929 1863,1922 1939,1927 2013,1931 2015,1931 2017,1931 2040,1925 2073,1915 2137,1922 2169,1925 2172,1925 2174,1925 2176,1925 2176,1922 2179,1920 2188,1913 2266,1913 2273,1918 2282,1927 2284,1927 2287,1927 2289,1927 2337,1918 2349,1915 2376,1915 2517,1922 2519,1922 2521,1922 2524,1922 2537,1913 2549,1922 2551,1922 2554,1922 2556,1922 2768,1920 2770,1920 2772,1920 2795,1904 2797,1904 2804,1904 2857,1915 2860,1915 2972,1899 2972,1879 2963,1830 2926,1842 2768,1833 2758,1833 2756,1833 2751,1833 2680,1851 2478,1856 2360,1856 2337,1839 2335,1839"/>
        <Baseline points="1550,1892 2068,1902 2972,1879"/>
        <TextEquiv conf="0.99330710492483">
          <Unicode>sy confist son deu en le croie tourmenter</Unicode>
        </TextEquiv>
      </TextLine>

      
      
      <TextLine id="eSc_line_40484ee2" custom="structure {type:default;}">
        <Coords points="2082,1902 2080,1902 2077,1902 2038,1918 1824,1918 1778,1904 1776,1904 1774,1904 1771,1904 1769,1904 1751,1915 1603,1906 1601,1906 1442,1920 1445,1957 1445,1984 2036,1984 2036,1982 2038,1982 2040,1982 2040,1980 2052,1971 2317,1980 2342,1980 2344,1980 2356,1980 2494,1968 2643,1977 2648,1948 2643,1913 2528,1899 2526,1899 2524,1899 2521,1899 2521,1902 2510,1911 2206,1902 2204,1902 2132,1913 2084,1902 2082,1902"/>
        <Baseline points="1445,1957 2648,1948"/>
        <TextEquiv conf="0.9857905633521803">
          <Unicode>gray cesuy erescien morer etdemer</Unicode>
        </TextEquiv>
      </TextLine>

      
      
      <TextLine id="eSc_line_34a14503" custom="structure {type:default;}">
        <Coords points="1663,1957 1629,1968 1606,1957 1594,1957 1587,1957 1571,1971 1479,1971 1479,2014 1477,2028 1516,2042 1518,2042 1520,2042 1523,2042 1525,2042 1539,2030 1543,2026 1553,2030 1596,2049 1599,2049 1601,2049 1746,2035 1771,2033 1778,2035 1813,2051 1815,2051 1817,2051 1820,2051 1859,2037 1882,2028 1891,2037 1905,2049 1905,2051 1907,2051 1909,2051 1912,2051 1985,2040 2047,2030 2310,2030 2365,2044 2367,2044 2369,2044 2372,2044 2374,2044 2399,2030 2471,2030 2508,2051 2512,2053 2514,2053 2517,2053 2519,2053 2521,2053 2524,2053 2526,2051 2535,2044 2542,2051 2547,2053 2547,2056 2549,2056 2551,2056 2554,2056 2579,2051 2636,2042 2653,2053 2655,2056 2657,2056 2659,2056 2662,2058 2811,2058 2814,2026 2814,1977 2763,1961 2761,1961 2758,1961 2404,1973 2381,1959 2379,1959 2376,1959 2374,1959 2188,1973 2181,1973 2179,1973 2126,1957 2123,1957 2121,1957 2008,1968 1942,1957 1939,1957 1937,1957 1935,1957 1914,1971 1886,1957 1884,1957 1882,1957 1806,1971 1803,1971 1776,1971 1709,1971 1682,1957 1663,1957"/>
        <Baseline points="1479,2014 2238,2012 2814,2026"/>
        <TextEquiv conf="0.9672905588761355">
          <Unicode>⁊ chil out Respondi moult faites a loer</Unicode>
        </TextEquiv>
      </TextLine>

      
      
      <TextLine id="eSc_line_ca7df36e" custom="structure {type:default;}">
        <Coords points="1445,2058 1445,2095 1488,2079 1617,2095 1647,2097 1649,2097 1668,2095 1716,2083 1757,2093 1780,2099 1783,2099 1785,2102 1870,2102 1870,2099 1872,2099 1875,2099 1882,2093 1891,2086 1907,2093 1925,2099 1928,2099 1930,2099 1932,2099 1948,2093 1969,2083 1999,2093 2031,2102 2034,2102 2036,2102 2098,2093 2137,2086 2176,2090 2259,2104 2261,2106 2323,2106 2323,2104 2326,2104 2328,2104 2328,2102 2342,2090 2344,2088 2356,2090 2404,2099 2406,2099 2574,2088 2577,2074 2574,2040 2439,2021 2436,2021 2434,2021 2432,2021 2432,2023 2420,2035 2416,2040 2383,2040 2372,2033 2346,2019 2344,2019 2342,2019 2271,2030 2266,2030 2264,2030 2241,2019 2238,2019 2158,2019 2156,2019 2153,2019 2151,2019 2151,2021 2144,2028 2139,2030 2112,2026 2059,2019 2057,2019 2054,2019 2043,2023 2027,2033 1594,2030 1445,2010 1445,2058"/>
        <Baseline points="1445,2058 1919,2074 2577,2074"/>
        <TextEquiv conf="0.9868883490562439">
          <Unicode>Quant aououry our de tel cose pallr</Unicode>
        </TextEquiv>
      </TextLine>

      
      
      <TextLine id="eSc_line_2dcd4c2b" custom="structure {type:default;}">
        <Coords points="1451,2136 1484,2150 1486,2150 1488,2150 1491,2150 1493,2150 1511,2139 1514,2139 1661,2139 1665,2141 1682,2152 1684,2152 1686,2152 1688,2152 1691,2152 1714,2143 1718,2141 1725,2143 1769,2157 1771,2157 1774,2157 1937,2148 1946,2148 1955,2148 2075,2162 2077,2162 2080,2162 2107,2150 2116,2148 2123,2152 2146,2164 2149,2164 2151,2164 2153,2164 2197,2152 2211,2150 2284,2150 2289,2155 2300,2166 2303,2166 2305,2166 2307,2166 2650,2162 2653,2141 2653,2109 2510,2095 2508,2095 2468,2102 2457,2104 2448,2102 2388,2083 2386,2083 2383,2083 2303,2097 2275,2102 2215,2102 2208,2095 2190,2081 2188,2081 2185,2081 2112,2079 2109,2079 2107,2079 2105,2079 2105,2081 2093,2093 2086,2099 2054,2099 2040,2090 2017,2079 2015,2079 2013,2079 2011,2079 2008,2079 1994,2090 1988,2097 1976,2088 1974,2086 1971,2086 1969,2086 1967,2086 1942,2088 1877,2095 1863,2086 1847,2074 1845,2074 1843,2074 1840,2074 1838,2074 1817,2083 1803,2090 1744,2083 1668,2072 1665,2072 1663,2072 1649,2079 1631,2090 1615,2079 1606,2072 1603,2072 1601,2072 1599,2072 1596,2072 1594,2072 1587,2079 1580,2083 1571,2076 1564,2072 1564,2070 1562,2070 1560,2070 1509,2070 1507,2070 1504,2070 1502,2070 1495,2076 1479,2088 1458,2074 1454,2120 1451,2136"/>
        <Baseline points="1454,2120 2653,2141"/>
        <TextEquiv conf="0.9647852922930862">
          <Unicode>dout se coio ycha fort a espouent</Unicode>
        </TextEquiv>
      </TextLine>

      
      
      <TextLine id="eSc_line_4096504f" custom="structure {type:default;}">
        <Coords points="1433,2175 1435,2217 1461,2198 1612,2212 1615,2212 1617,2212 1663,2201 1767,2203 1783,2214 1806,2228 1808,2228 1810,2228 1813,2228 1815,2228 1817,2228 1833,2217 1953,2228 1955,2228 1958,2228 1988,2212 2006,2221 2008,2221 2011,2221 2066,2212 2103,2205 2116,2212 2160,2231 2162,2231 2165,2231 2167,2231 2241,2210 2259,2205 2266,2210 2284,2228 2284,2231 2287,2231 2289,2231 2291,2233 2390,2233 2390,2231 2393,2231 2448,2210 2452,2208 2452,2210 2475,2228 2475,2231 2478,2231 2480,2231 2482,2231 2485,2231 2549,2212 2618,2233 2620,2233 2623,2233 2625,2233 2671,2208 2830,2205 2832,2180 2825,2148 2501,2152 2418,2141 2386,2139 2383,2139 2381,2139 2379,2139 2376,2141 2365,2152 2160,2152 1960,2136 1907,2134 1905,2134 1889,2136 1815,2148 1746,2134 1728,2132 1725,2132 1711,2134 1656,2145 1642,2134 1642,2132 1640,2132 1638,2132 1635,2132 1617,2132 1523,2143 1433,2132 1433,2175"/>
        <Baseline points="1433,2175 2243,2194 2832,2180"/>
        <TextEquiv conf="0.9380331479367756">
          <Unicode>Et dist dom Ihueris qui lesist chielet mer</Unicode>
        </TextEquiv>
      </TextLine>

      
      
      <TextLine id="eSc_line_ce24c3f0" custom="structure {type:default;}">
        <Coords points="1431,2237 1431,2281 1495,2265 1555,2265 1571,2279 1571,2281 1573,2281 1576,2281 1578,2281 1580,2281 1585,2281 1622,2265 1746,2265 1774,2279 1776,2279 1778,2279 1780,2279 1797,2277 1856,2270 1902,2277 1948,2283 1951,2283 1994,2274 2017,2272 2043,2274 2107,2283 2109,2283 2112,2283 2114,2283 2126,2274 2132,2267 2162,2274 2211,2283 2213,2283 2434,2281 2436,2281 2439,2281 2450,2270 2452,2267 2457,2270 2487,2283 2489,2283 2491,2286 2583,2286 2583,2283 2770,2265 2772,2249 2768,2219 2406,2219 2397,2214 2386,2205 2383,2205 2381,2205 2379,2205 2328,2212 2300,2217 2294,2212 2273,2196 2271,2196 2268,2196 2266,2196 2264,2196 2261,2196 2236,2212 2225,2217 2137,2217 2128,2210 2098,2196 2096,2196 2038,2196 2036,2196 2034,2196 2011,2210 2001,2214 1992,2208 1978,2198 1976,2198 1974,2198 1971,2198 1969,2198 1951,2208 1937,2217 1801,2217 1792,2205 1780,2196 1780,2194 1778,2194 1776,2194 1774,2194 1431,2201 1431,2237"/>
        <Baseline points="1431,2237 1808,2251 2772,2249"/>
        <TextEquiv conf="0.9816376425718006">
          <Unicode>Ne ꝯͥsent qme faiche ensement atouruer</Unicode>
        </TextEquiv>
      </TextLine>

      
      
      <TextLine id="eSc_line_3a92f99f" custom="structure {type:default;}">
        <Coords points="1412,2290 1410,2320 1428,2334 1431,2334 1433,2334 1435,2334 1438,2334 1474,2318 1477,2318 1486,2318 1571,2332 1573,2332 1576,2332 1578,2332 1594,2320 1596,2320 1711,2320 1721,2323 1783,2341 1785,2341 1787,2341 1863,2329 1882,2343 1884,2343 1886,2343 1889,2343 1891,2343 1942,2332 2045,2343 2047,2343 2050,2343 2052,2343 2073,2329 2222,2346 2225,2346 2314,2332 2356,2346 2358,2346 2360,2346 2432,2334 2475,2346 2478,2346 2480,2346 2482,2346 2521,2334 2537,2329 2558,2334 2579,2341 2581,2341 2583,2341 2611,2336 2646,2327 2673,2336 2694,2343 2696,2343 2699,2343 2701,2343 2717,2336 2742,2327 2903,2339 2908,2306 2903,2270 2740,2260 2738,2260 2735,2260 2733,2260 2733,2263 2728,2267 2715,2279 2636,2279 2623,2265 2618,2263 2618,2260 2616,2260 2613,2260 2547,2258 2544,2258 2542,2258 2531,2265 2508,2277 2280,2277 2259,2260 2257,2260 2254,2260 2252,2260 2236,2260 2024,2272 1948,2256 1939,2256 1937,2256 1935,2256 1930,2256 1877,2272 1760,2254 1748,2254 1746,2254 1744,2254 1739,2254 1684,2270 1619,2254 1617,2254 1615,2254 1612,2254 1585,2270 1571,2256 1571,2254 1569,2254 1566,2254 1412,2251 1412,2290"/>
        <Baseline points="1412,2290 2017,2313 2908,2306"/>
        <TextEquiv conf="0.9885448908263986">
          <Unicode>pun ueul pour toy souffoit le mortet endurer</Unicode>
        </TextEquiv>
      </TextLine>

      
      
      <TextLine id="eSc_line_10527f76" custom="structure {type:default;}">
        <Coords points="1415,2371 1612,2389 1615,2389 1682,2378 1693,2392 1695,2392 1695,2394 1698,2394 1700,2394 1702,2394 1780,2380 1801,2394 1803,2394 1806,2394 2100,2401 2103,2401 2105,2401 2107,2401 2130,2387 2213,2403 2215,2405 2353,2405 2353,2403 2356,2403 2358,2403 2374,2392 2411,2405 2413,2405 2416,2405 2487,2394 2508,2408 2510,2408 2512,2408 2514,2408 2597,2396 2616,2410 2618,2410 2620,2410 2623,2410 2625,2410 2669,2396 2749,2408 2751,2408 2860,2396 2862,2373 2857,2336 2086,2336 1985,2332 1962,2318 1960,2316 1958,2316 1955,2316 1953,2316 1951,2316 1944,2318 1895,2329 1854,2316 1852,2316 1849,2316 1845,2316 1755,2327 1679,2311 1670,2311 1668,2311 1661,2311 1592,2325 1566,2309 1564,2309 1562,2309 1560,2309 1543,2309 1440,2318 1421,2306 1417,2352 1415,2371"/>
        <Baseline points="1417,2352 2284,2378 2862,2373"/>
        <TextEquiv conf="0.9702356249787086">
          <Unicode>mais que de chestemort tu me faichce ggrder</Unicode>
        </TextEquiv>
      </TextLine>

      
      
      <TextLine id="eSc_line_f0f7374c" custom="structure {type:default;}">
        <Coords points="2625,2375 2537,2387 2514,2389 2508,2387 2487,2378 2473,2378 2457,2378 2399,2385 2388,2387 2386,2385 2376,2378 2358,2378 2351,2385 2346,2389 2179,2389 2172,2385 2151,2375 2151,2375 2132,2375 2123,2385 2121,2387 1895,2387 1889,2382 1859,2369 1856,2369 1854,2369 1852,2369 1810,2380 1748,2369 1746,2369 1744,2369 1718,2380 1716,2382 1700,2380 1592,2366 1589,2366 1392,2378 1392,2410 1389,2426 1560,2426 1562,2426 1585,2447 1587,2447 1589,2447 1592,2447 1654,2435 1700,2449 1702,2449 1705,2449 1859,2435 1884,2451 1886,2451 1889,2451 1891,2454 2011,2454 2011,2451 2013,2451 2057,2435 2114,2451 2116,2451 2342,2454 2344,2454 2346,2454 2402,2433 2404,2433 2427,2454 2429,2454 2432,2454 2434,2454 2436,2454 2464,2444 2524,2456 2526,2456 2528,2456 2570,2435 2751,2435 2756,2417 2751,2389 2627,2375 2625,2375"/>
        <Baseline points="1392,2410 2188,2426 2756,2417"/>
        <TextEquiv conf="0.9829158828808711">
          <Unicode>Car il nasiert amoy d telle mort passer</Unicode>
        </TextEquiv>
      </TextLine>

      
      
      <TextLine id="eSc_line_1b29cc68" custom="structure {type:default;}">
        <Coords points="1309,2438 1309,2479 1309,2539 1329,2543 1332,2479 1332,2426 1316,2426 1309,2438"/>
        <Baseline points="1309,2479 1332,2479"/>
        <TextEquiv conf="0.9948139190673828">
          <Unicode>9</Unicode>
        </TextEquiv>
      </TextLine>

      
      
      <TextLine id="eSc_line_a6a3c5b1" custom="structure {type:default;}">
        <Coords points="2399,2424 2397,2424 2395,2424 2386,2426 2353,2442 2075,2442 2063,2428 2061,2428 2061,2426 2059,2426 2057,2426 2054,2426 2052,2426 2043,2428 2013,2440 1985,2428 1974,2426 1971,2426 1969,2426 1967,2426 1960,2431 1939,2440 1902,2431 1886,2426 1884,2426 1792,2426 1790,2426 1787,2426 1785,2426 1785,2428 1780,2431 1771,2440 1728,2431 1698,2426 1695,2426 1585,2431 1587,2472 1587,2493 2128,2507 2130,2507 2132,2507 2135,2507 2158,2493 2195,2507 2197,2507 2199,2509 2386,2509 2386,2507 2388,2507 2441,2490 2443,2490 2482,2504 2485,2504 2487,2504 2724,2488 2726,2463 2719,2426 2434,2438 2409,2426 2402,2424 2399,2424"/>
        <Baseline points="1587,2472 2277,2481 2726,2463"/>
        <TextEquiv conf="0.9864339575623021">
          <Unicode>mouris fu delans ⁊ moult ey anoia</Unicode>
        </TextEquiv>
      </TextLine>

      
      
      <TextLine id="eSc_line_90683869" custom="structure {type:default;}">
        <Coords points="2319,2530 2300,2530 2277,2541 2257,2548 2119,2539 2082,2536 2080,2536 2070,2536 2027,2548 2004,2536 2001,2536 1999,2536 1990,2536 1815,2548 1767,2532 1751,2527 1748,2527 1746,2527 1744,2527 1741,2527 1737,2532 1718,2546 1702,2532 1702,2530 1700,2530 1698,2530 1695,2530 1675,2530 1541,2543 1424,2527 1424,2573 1421,2599 1645,2599 1647,2599 1663,2610 1665,2610 1668,2610 1670,2612 1822,2612 1822,2610 1824,2610 1826,2610 1845,2599 1847,2599 1930,2610 1932,2610 2804,2599 2807,2578 2804,2550 2770,2532 2768,2532 2765,2532 2763,2532 2724,2546 2632,2527 2540,2527 2537,2527 2535,2527 2503,2546 2496,2548 2487,2546 2448,2532 2445,2532 2443,2532 2441,2532 2399,2543 2381,2548 2363,2543 2323,2530 2319,2530"/>
        <Baseline points="1424,2573 1999,2587 2807,2578"/>
        <TextEquiv conf="0.9916290076155412">
          <Unicode>lmouna de le trois tous sy sans lu iua</Unicode>
        </TextEquiv>
      </TextLine>

      
      
      <TextLine id="eSc_line_88eabf08" custom="structure {type:default;}">
        <Coords points="2590,2470 2588,2470 2565,2479 2544,2486 2471,2479 2439,2474 2432,2477 2413,2477 2409,2479 2383,2490 2172,2490 2162,2481 2156,2481 2137,2481 2126,2493 1953,2493 1919,2479 1916,2479 1914,2479 1912,2479 1909,2479 1905,2479 1859,2495 1810,2481 1808,2481 1806,2481 1718,2495 1682,2481 1679,2481 1677,2481 1675,2481 1672,2481 1656,2495 1580,2481 1583,2523 1583,2546 1711,2557 1714,2557 1799,2546 1856,2562 1859,2562 1861,2562 1863,2562 1919,2543 2068,2562 2070,2562 2386,2543 2517,2555 2519,2555 2632,2534 2634,2534 2636,2534 2710,2550 2712,2550 2715,2550 2749,2532 2751,2532 2871,2532 2871,2502 2867,2479 2724,2465 2722,2465 2719,2465 2694,2477 2593,2470 2590,2470"/>
        <Baseline points="1583,2523 2268,2532 2871,2502"/>
        <TextEquiv conf="0.9778755146103937">
          <Unicode>deuant Il oy le coy qui se mort a ura</Unicode>
        </TextEquiv>
      </TextLine>

      
      
      <TextLine id="eSc_line_0d76ed76" custom="structure {type:default;}">
        <Coords points="2765,2580 2763,2580 2761,2580 2701,2592 2680,2594 2641,2592 2531,2582 2528,2582 2420,2592 2351,2599 2165,2594 1969,2589 1967,2589 1965,2589 1946,2596 1925,2603 1912,2596 1900,2587 1898,2587 1895,2587 1893,2587 1891,2587 1866,2596 1838,2605 1718,2596 1615,2589 1612,2589 1610,2589 1608,2589 1596,2596 1585,2605 1523,2599 1486,2594 1484,2594 1463,2599 1412,2610 1389,2599 1392,2645 1392,2663 1433,2681 1435,2681 1438,2681 1509,2665 1534,2681 1537,2681 1539,2681 1541,2681 1543,2681 1546,2681 1546,2679 1566,2663 1840,2663 1875,2677 1877,2677 1879,2677 2011,2658 2040,2672 2043,2672 2045,2672 2047,2672 2089,2656 2112,2672 2114,2672 2116,2672 2119,2674 2204,2674 2204,2672 2340,2654 2388,2665 2390,2665 2393,2665 2452,2656 2510,2668 2512,2668 2514,2668 2544,2654 2671,2665 2673,2665 2758,2647 2761,2647 2765,2647 2942,2661 2945,2661 2947,2661 3014,2642 3014,2622 3011,2589 2975,2571 2972,2571 2848,2571 2846,2571 2843,2571 2788,2589 2784,2592 2781,2589 2768,2580 2765,2580"/>
        <Baseline points="1392,2645 2206,2642 3014,2622"/>
        <TextEquiv conf="0.9734826414358049">
          <Unicode>Ouquel puus dolent hõuye ne bat neue mega</Unicode>
        </TextEquiv>
      </TextLine>

      
      
      <TextLine id="eSc_line_666feabf" custom="structure {type:default;}">
        <Coords points="1394,2718 1394,2746 1527,2730 1629,2746 1633,2746 1635,2746 1642,2746 1803,2727 1898,2727 1919,2743 1921,2743 1923,2743 1925,2746 2047,2746 2047,2743 2050,2743 2052,2743 2052,2741 2054,2741 2068,2727 2109,2739 2123,2743 2126,2743 2128,2743 2130,2743 2132,2743 2137,2739 2158,2725 2197,2739 2206,2741 2208,2741 2211,2741 2213,2741 2222,2739 2254,2727 2284,2739 2294,2741 2296,2741 2298,2741 2300,2741 2312,2737 2349,2725 2393,2725 2409,2737 2413,2741 2416,2741 2418,2741 2420,2741 2625,2739 2627,2739 2639,2734 2662,2723 2717,2723 2731,2732 2738,2739 2740,2739 2742,2739 2745,2741 2855,2741 2855,2739 2857,2739 2883,2730 2903,2723 2924,2730 2947,2737 2949,2737 2952,2737 3011,2727 3011,2700 3005,2661 2634,2661 2590,2647 2588,2647 2586,2647 2583,2647 2549,2661 2526,2647 2524,2647 2521,2647 2519,2647 2517,2647 2514,2647 2514,2649 2498,2663 2498,2665 2409,2665 2089,2665 2075,2651 2073,2651 2070,2651 2068,2651 2066,2651 2063,2651 2043,2665 2029,2651 2027,2651 2024,2651 1946,2651 1944,2651 1877,2665 1787,2651 1785,2651 1658,2654 1656,2654 1626,2668 1555,2654 1553,2654 1550,2654 1511,2668 1428,2654 1426,2654 1424,2654 1392,2668 1394,2718"/>
        <Baseline points="1394,2718 1619,2707 3011,2700"/>
        <TextEquiv conf="0.9549237172654335">
          <Unicode>Et ly fors coilt hurcaux tous ses dieux rõnoia</Unicode>
        </TextEquiv>
      </TextLine>

      
      
      <TextLine id="eSc_line_0eff4429" custom="structure {type:default;}">
        <Coords points="1486,2778 1488,2808 1541,2794 1652,2794 1670,2806 1675,2808 1677,2808 1679,2808 1682,2808 1702,2803 1757,2792 1808,2801 1833,2806 1836,2806 1838,2806 1840,2806 1847,2801 1866,2792 2068,2796 2314,2801 2317,2801 2409,2789 2422,2787 2427,2787 2450,2799 2452,2799 2455,2799 2457,2799 2459,2799 2478,2787 2503,2799 2505,2799 2508,2799 2583,2787 2657,2796 2659,2796 2735,2780 2738,2764 2731,2714 2432,2727 2416,2718 2406,2711 2404,2711 2402,2711 2323,2711 2321,2711 2319,2711 2317,2711 2305,2720 2294,2732 2192,2732 2176,2723 2158,2714 2156,2714 2153,2714 2151,2714 2123,2725 2105,2734 1900,2734 1893,2730 1882,2720 1882,2718 1879,2718 1877,2718 1790,2718 1787,2718 1688,2734 1661,2737 1633,2734 1504,2720 1502,2720 1500,2720 1497,2720 1484,2730 1486,2778"/>
        <Baseline points="1486,2778 2738,2764"/>
        <TextEquiv conf="0.9590503035053131">
          <Unicode>ide mahõmere ou on leu Reporta</Unicode>
        </TextEquiv>
      </TextLine>

      
      
      <TextLine id="eSc_line_f6c561ab" custom="structure {type:default;}">
        <Coords points="1417,2852 1419,2879 1472,2865 1532,2877 1543,2879 1546,2879 1548,2879 1550,2879 1553,2877 1578,2861 1672,2875 1688,2877 1691,2877 1693,2877 1698,2875 1730,2858 1836,2872 1843,2872 1845,2872 1852,2872 1935,2856 1955,2870 1958,2872 1960,2872 1962,2872 1965,2875 2034,2875 2034,2872 2080,2868 2208,2854 2266,2865 2287,2868 2289,2868 2291,2868 2307,2863 2353,2852 2393,2863 2397,2863 2399,2863 2402,2863 2432,2861 2653,2845 2804,2854 2807,2824 2797,2769 2738,2783 2680,2769 2671,2769 2669,2769 2666,2769 2662,2771 2623,2787 2567,2771 2565,2771 2563,2771 2560,2771 2558,2771 2556,2771 2537,2787 2475,2773 2473,2773 2471,2773 2468,2773 2466,2773 2448,2789 2422,2773 2420,2773 2418,2773 2416,2773 2413,2773 2411,2773 2337,2794 2179,2794 2158,2778 2156,2778 2153,2778 2151,2778 2149,2778 2146,2778 2123,2794 1992,2780 1985,2780 1983,2780 1981,2780 1932,2796 1919,2783 1916,2783 1914,2783 1912,2783 1909,2783 1875,2799 1813,2799 1797,2783 1794,2783 1792,2783 1790,2783 1787,2783 1785,2783 1785,2785 1769,2799 1737,2783 1732,2783 1730,2783 1728,2783 1725,2783 1718,2785 1670,2799 1647,2785 1645,2785 1642,2785 1640,2785 1525,2787 1523,2787 1520,2787 1507,2799 1415,2789 1417,2852"/>
        <Baseline points="1417,2852 1626,2840 2807,2824"/>
        <TextEquiv conf="0.9555667869746685">
          <Unicode>sa fu ly dignee chierges quio des ardera</Unicode>
        </TextEquiv>
      </TextLine>

      
      
      <TextLine id="eSc_line_8f5bd05a" custom="structure {type:default;}">
        <Coords points="1491,2907 1491,2930 1606,2921 1647,2927 1698,2937 1700,2937 1702,2937 1746,2925 1785,2916 1817,2925 1852,2934 1854,2934 1856,2934 1859,2934 1861,2934 1875,2923 1886,2914 1905,2923 1928,2932 1930,2932 1932,2932 2004,2921 2022,2918 2031,2921 2066,2930 2068,2930 2070,2930 2130,2918 2167,2911 2195,2916 2252,2927 2254,2927 2257,2927 2259,2927 2275,2916 2284,2909 2294,2914 2305,2925 2307,2925 2310,2925 2312,2925 2314,2925 2317,2925 2330,2914 2333,2914 2335,2914 2346,2925 2349,2925 2351,2925 2353,2925 2540,2923 2542,2923 2574,2909 2593,2902 2855,2902 2857,2879 2853,2835 2630,2833 2627,2833 2625,2833 2609,2840 2593,2847 2577,2840 2560,2833 2558,2833 2556,2833 2517,2842 2489,2847 2468,2842 2434,2835 2432,2835 2429,2835 2427,2835 2416,2845 2406,2852 2376,2845 2344,2838 2342,2838 2340,2838 2337,2838 2328,2847 2314,2856 2144,2858 2114,2852 2091,2845 2089,2845 2086,2845 2052,2852 2011,2861 1905,2856 1760,2847 1757,2847 1755,2847 1753,2847 1737,2858 1725,2865 1688,2861 1619,2849 1617,2849 1488,2863 1491,2907"/>
        <Baseline points="1491,2907 2342,2898 2857,2879"/>
        <TextEquiv conf="0.9559019707143307">
          <Unicode>t afait aains que dieux cha d sont auala</Unicode>
        </TextEquiv>
      </TextLine>

      
      
      <TextLine id="eSc_line_25570184" custom="structure {type:default;}">
        <Coords points="1898,2904 1895,2904 1893,2904 1893,2907 1884,2914 1872,2925 1838,2925 1822,2914 1815,2907 1813,2907 1810,2907 1757,2907 1755,2907 1753,2907 1734,2914 1705,2925 1670,2914 1661,2911 1658,2911 1656,2911 1654,2911 1645,2914 1603,2927 1470,2916 1472,2964 1474,2996 1507,2980 1566,2989 1569,2989 1755,2976 1794,2989 1797,2989 1799,2989 1870,2976 1889,2989 1891,2992 1893,2992 1895,2992 1898,2992 1912,2989 1971,2976 1994,2987 1994,2989 1997,2989 1999,2989 2001,2989 2031,2987 2172,2976 2404,2983 2466,2983 2468,2983 2471,2983 2478,2980 2512,2969 2606,2978 2611,2978 2613,2978 2616,2978 2618,2978 2618,2976 2636,2962 2682,2971 2685,2971 2807,2960 2825,2971 2827,2971 2830,2971 2832,2971 2834,2971 2862,2960 2901,2973 2906,2941 2901,2909 2765,2891 2763,2891 2761,2891 2758,2891 2745,2902 2623,2893 2620,2893 2618,2893 2616,2893 2616,2895 2602,2909 2600,2911 2570,2909 2473,2902 2471,2902 2317,2911 2220,2916 2213,2911 2204,2902 2202,2902 2199,2902 2142,2902 2139,2902 2089,2911 2054,2918 1988,2911 1900,2904 1898,2904"/>
        <Baseline points="1472,2964 2906,2941"/>
        <TextEquiv conf="0.9919641206904155">
          <Unicode>et qui nasqui d mere quant il nous Racata</Unicode>
        </TextEquiv>
      </TextLine>

      
      
      <TextLine id="eSc_line_eba0ea1f" custom="structure {type:default;}">
        <Coords points="2982,2969 2940,2964 2938,2964 2936,2964 2910,2971 2871,2980 2832,2971 2800,2964 2797,2964 2795,2964 2770,2971 2749,2978 2740,2971 2731,2964 2728,2964 2726,2964 2595,2964 2593,2964 2590,2964 2588,2964 2579,2973 2570,2978 2533,2973 2468,2964 2466,2964 2404,2973 2358,2983 2121,2983 2107,2976 2089,2966 2086,2966 2084,2966 2082,2966 2080,2966 2066,2976 2054,2983 2029,2976 1999,2969 1997,2969 1994,2969 1944,2976 1907,2983 1886,2978 1854,2966 1852,2966 1849,2966 1847,2966 1845,2966 1845,2969 1833,2978 1826,2985 1721,2985 1714,2978 1702,2969 1702,2966 1700,2966 1698,2966 1576,2966 1573,2966 1571,2966 1539,2980 1537,2980 1525,2969 1525,2966 1523,2966 1520,2966 1518,2966 1516,2966 1484,2978 1486,3019 1486,3045 1902,3035 1923,3042 1948,3054 1951,3054 1953,3054 1955,3054 1983,3042 1990,3040 2013,3042 2114,3056 2116,3056 2119,3056 2121,3056 2139,3042 2142,3040 2144,3042 2160,3054 2160,3056 2162,3056 2165,3056 2167,3056 2241,3045 2420,3054 2422,3054 2425,3054 2427,3054 2427,3052 2441,3040 2441,3038 2547,3033 2558,3040 2579,3054 2581,3054 2583,3054 2586,3054 2588,3054 2630,3038 2643,3033 2648,3038 2666,3054 2669,3054 2671,3054 2673,3054 2676,3054 2735,3038 2738,3038 2761,3052 2763,3052 2765,3052 2876,3054 2878,3054 2988,3035 2991,3015 2986,2971 2982,2969"/>
        <Baseline points="1486,3019 2991,3015"/>
        <TextEquiv conf="0.9798450171947479">
          <Unicode>chiergle fu moult biaux ⁊ grant clartoieta</Unicode>
        </TextEquiv>
      </TextLine>

      
      
      <TextLine id="eSc_line_1a0a9d31" custom="structure {type:default;}">
        <Coords points="2540,3017 2537,3017 2457,3031 2445,3022 2443,3022 2441,3022 2439,3022 2436,3022 2434,3022 2434,3024 2418,3038 2413,3040 2395,3038 2337,3029 2335,3029 2333,3029 2330,3029 2317,3038 2312,3042 2305,3038 2294,3033 2291,3033 2289,3033 2086,3042 1988,3045 1981,3042 1925,3022 1923,3022 1921,3022 1640,3024 1555,3040 1507,3031 1504,3031 1502,3031 1463,3049 1431,3029 1428,3029 1426,3029 1424,3029 1421,3029 1419,3029 1403,3040 1405,3088 1410,3127 1424,3114 1463,3125 1465,3125 1468,3125 1470,3125 1472,3125 1472,3123 1491,3107 1555,3107 1585,3125 1587,3125 1589,3125 1592,3125 1594,3125 1596,3125 1640,3104 1744,3104 1760,3118 1762,3118 1764,3118 1767,3118 1769,3118 1801,3104 1824,3123 1826,3123 1829,3123 1831,3123 1833,3123 1836,3123 1895,3102 1974,3102 1990,3116 1990,3118 1992,3118 1994,3118 1997,3118 2073,3102 2096,3121 2098,3121 2100,3121 2103,3121 2459,3116 2462,3116 2464,3116 2510,3100 2560,3116 2565,3116 2567,3116 2570,3116 2811,3111 2814,3075 2807,3033 2602,3038 2590,3035 2542,3017 2540,3017"/>
        <Baseline points="1405,3088 2814,3075"/>
        <TextEquiv conf="0.9517868459224701">
          <Unicode>Ii l mahõmene toite en Raluiara</Unicode>
        </TextEquiv>
      </TextLine>

      
      
      <TextLine id="eSc_line_4fda9f86" custom="structure {type:default;}">
        <Coords points="1461,3144 1458,3176 1751,3169 1785,3180 1787,3180 1790,3180 1792,3180 1794,3180 1797,3180 1822,3169 1905,3180 1932,3183 1935,3183 2933,3180 2936,3153 2931,3095 2740,3100 2738,3100 2735,3100 2722,3111 2653,3098 2650,3098 1999,3107 1985,3100 1971,3091 1969,3091 1967,3091 1965,3091 1884,3100 1836,3107 1826,3102 1813,3088 1810,3088 1808,3088 1806,3088 1461,3102 1461,3144"/>
        <Baseline points="1461,3144 2936,3153"/>
        <TextEquiv conf="0.9647914706132351">
          <Unicode>y richrs Rois hurtanz uisteouent ꝯmanda</Unicode>
        </TextEquiv>
      </TextLine>

      
      
      <TextLine id="eSc_line_0dc1cf95" custom="structure {type:default;}">
        <Coords points="1419,3213 1417,3229 1532,3224 1548,3233 1555,3240 1557,3240 1560,3240 1562,3240 1564,3240 1587,3233 1619,3226 1640,3236 1654,3240 1656,3240 1658,3242 1755,3242 1755,3240 1757,3240 1771,3236 1808,3226 1829,3238 1836,3240 1838,3240 1840,3240 1863,3238 1935,3229 1958,3240 1965,3242 1967,3242 1969,3242 1971,3242 1978,3240 1990,3233 2091,3240 2151,3245 2153,3245 2169,3242 2218,3231 2245,3242 2250,3245 2252,3245 2360,3247 2363,3247 2393,3245 2508,3233 2551,3247 2560,3249 2563,3249 2565,3249 2600,3247 2754,3236 2807,3249 2814,3219 2814,3180 2781,3164 2779,3164 2777,3164 2579,3178 2565,3178 2560,3178 2491,3162 2441,3162 2439,3162 2436,3162 2434,3162 2434,3164 2420,3176 2353,3176 2234,3176 2218,3162 2215,3162 2213,3162 2211,3162 2208,3162 2206,3162 2190,3173 2160,3162 2158,3162 2156,3162 1882,3171 1872,3171 1870,3171 1813,3155 1810,3155 1808,3155 1419,3167 1419,3213"/>
        <Baseline points="1419,3213 1859,3206 2814,3219"/>
        <TextEquiv conf="0.9773027155850385">
          <Unicode>ꝑon fesist uuenrois et on le carponta</Unicode>
        </TextEquiv>
      </TextLine>

      
      
      <TextLine id="eSc_line_9d2e50af" custom="structure {type:default;}">
        <Coords points="1440,3272 1440,3311 1624,3300 1705,3309 1728,3311 1730,3311 1732,3311 1734,3311 1737,3309 1748,3300 1769,3309 1776,3311 1778,3311 1780,3311 1808,3309 1875,3300 1935,3307 1976,3311 1978,3311 2008,3307 2038,3300 2047,3305 2054,3311 2057,3311 2059,3311 2061,3311 2063,3311 2080,3305 2093,3300 2112,3305 2135,3311 2137,3311 2139,3311 2330,3302 2395,3300 2402,3302 2434,3311 2436,3311 2439,3311 2441,3311 2475,3300 2478,3300 2487,3309 2487,3311 2489,3311 2491,3311 2494,3314 2570,3314 2570,3311 2572,3311 2574,3311 2593,3300 2595,3300 2662,3309 2664,3309 2841,3295 2841,3270 2837,3229 1438,3224 1440,3272"/>
        <Baseline points="1440,3272 2841,3270"/>
        <TextEquiv conf="0.9632959514856339">
          <Unicode>de dos et dmaren le croit oiior deua</Unicode>
        </TextEquiv>
      </TextLine>

      
    </TextRegion>
    

    
  </Page>
</PcGts>
