3104 4140
1196 722 2514 818 t ly frans cardinaux ne sy uault a torgier
1194 786 2351 873 Il a fait le mu̾tie sen aue a pareilier
1187 853 2616 931 Tout droit a mceru miuuuit cay oy re traitier
1214 903 2142 1002 ꝓssy dele chite o luy sy sodoier
1191 968 2600 1064 Foiement se party dieux le uault adrechier
1182 1041 2611 1124 Syques ne le perchurent ly paiien lorengier
1194 1101 2701 1198 duitre lost est passes diru prent a grachei aier
1350 1166 2413 1244 ⁊ a ly cardinaux ale chssere meubree
1302 1209 2577 1315 passe lost de paiens clielle gent de srare
1184 1288 2365 1366 Tout parmy rõmenie ase uoir hastee
1187 1345 2475 1419 Et a tant cl teuaullnet et main eis uespree
1191 1391 2659 1478 Quen gales est entres quore est fraullie clamee
1198 1453 2641 1543 ql ce calups que Ie dis nert point paris frumee
1182 1508 2774 1605 Ensement quelle est ore ne eusemient nõmee
1191 1566 2409 1658 Elle ot anon luiesse ainsy fu apellee
1196 1621 2556 1706 Ry cardinaux chenauclie a manie prinee
1189 1681 2653 1768 Iuainte uille passa mainit mout maiite ualee
1311 1745 2473 1846 y iusqua boulongie ny a fait arestee
1196 1814 2512 1911 Ie gait de che pais nert pas crestienee
1198 1869 2689 1975 suis estoient paiien en tar tamps et en lauee
1194 1936 2540 2033 Rue y frans cardinaux passa en le contree
1198 1987 2611 2099 uns gaians le tendit que che at redoubtee
1191 2053 2413 2166 Polus auoit anon cest bixn cose aueree
1198 2109 2535 2231 Ay gentieux cardinaux qͥl e tant et Rendire
1242 2175 2296 2283 loy de sarasiue a se uoie atournee
1205 2219 2351 2336 Iar son leust cõmst le teste eust copee
1258 2267 2441 2410 passa haulte mer dedeus une galee
1180 2320 2630 2467 Et par le plaisir dieu qui fist chiel et Rousie
1198 2401 2443 2511 rina droit alondres le chite houueree
1184 2454 2457 2573 ꝙ palais dessendy sans point de larostee
1221 2527 2528 2626 Et puis en est montrs en le sale panee
1187 2587 2353 2688 Le Roy ya trouue et se noble escpouse
1272 2624 2540 2750 y gentieux cardinoux sest enle sale mis
1180 2645 1205 2794 I
1231 2697 2369 2808 Re roy ya crouue qui ot a non lieuris
1182 2750 2445 2840 De dieu le saina qui en le Nois fu mis
1175 2794 2669 2902 Et quant ly rois le uit cõme preus et gentisz
1168 2858 2337 2950 O leua coutre cuy deles luy la assis
1196 2914 2533 3001 Et ly dist haulteuient que ifi bien sy fu oin
1171 2946 2630 3061 Cue bien uanes uous par dedeusz men panz
1173 3006 2625 3130 Que fait ly apostoles qui tant est signourilz
