3104 4140
1244 809 2800 922 Uar my le boat lalert et se le uatrant
1359 887 2770 982 quint elauie uoit quelle naroit garant
1270 942 2857 1048 Que ne uoist a le couri lauenosne de mandant
1355 1000 2708 1104 ⁊ lostel est issue le dame maintenant
1277 1062 2853 1170 Par le uille sen ua cha et la regardant
1306 1133 2818 1230 dont auoit paoir que nel uoit Bain sant
1316 1191 2800 1297 u dehors de le uille ua elame trotant
1283 1253 2542 1357 a quist nouuil ostel ⁊ se uaclausant
1277 1327 2784 1416 Mes lotesse trouua trop piour que deuant
1258 1384 2728 1481 Ear cascun iour aloit le dame la daignant
1247 1437 2949 1540 pour che qua court uoloit se prouuendeq̃rant
1263 1494 2903 1607 Quespre abit le dame pas ches maisons priant
1251 1561 2560 1646 aumosue ou non dedieu aoy auaamant
1329 1621 2924 1711 et bien dist qua le couet ne syra amoustrant
1242 1683 2931 1780 Tant que party seroient ly doy roy souffasant
1304 1745 2717 1844 Pu deuoient uenir a le chite plaisant
1286 1796 2818 1920 Par on aloit pour eux les esteux greussant
1237 1856 2952 1977 Euse ment fu elame que Ie uout uoy parlant
1394 1936 2749 2040 nouuel estel est le tres coirtoise elane
1249 1989 2940 2097 du elle rchũt moult et dauoy et amaine
1258 2049 2963 2159 Le damepleure moult ⁊ grant doliu de maine
1242 2116 2793 2219 sa uouue des rois deub̾toit le caste lami
1332 2178 2988 2277 sas chest pour noient que de Reeus se fourmaine
1267 2235 2864 2346 Car on ne ly feroit. Iapenanche greuaine
1242 2318 2931 2421 anchois seroit le dame en hõueir Nre haultaie
1217 2385 2682 2484 Mel le tresdebõnaire gracieust certame
1251 2458 2896 2550 Eudoit quelle deinst morir de mort greuane
1318 2527 2885 2622 ele renist ly rois qui le cousienche ot sained
1281 2585 2869 2679 dua londres lespousa en le salle haultame
1247 2647 2896 2753 he dieipo dist le rome qui fu de Ihũ plame
1263 2716 2820 2815 Iierge eprie ton fil qui tout droit a le caine
1247 2780 2797 2881 Iuna oses apostles le sainte quardõtaiine
1217 2852 2740 2941 Ia ne paist cousenter ne enuoier sepmaun
1235 2904 2590 3010 Que cõgueue soie en celle chite same
1348 2948 2926 3070 Raitement prioit leddame doguent plaine
1557 3019 2834 3132 un truant qui dist a haultralaumie
1267 3054 1474 3123 cant
1221 3095 3000 3215 Alous la hors al samnper pour le uertubaultaint
