3104 4140
174 947 1592 1071 fu uy premiers hona che scachies sans doubter
112 1007 1486 1120 nen che disue moustier uolt ams messee canter
87 1067 1304 1193 ains estoit h monstiers au uran ꝯsiderer
170 1099 1543 1239 sains hous uolt anssy le mistier dieu ouureꝵ
172 1163 1380 1288 Seux la ueiston hante larme ploures
142 1225 1343 1343 le coppe Iqũcist seruir et hõnourer
138 1299 747 1407 par ꝯtrision bal se
766 1276 1203 1366 uie amender
103 1324 1447 1465 qui fierte yot faite a eu droit uout beuer
140 1398 1364 1520 ie corpãsaint amoury qui tant fist a leer
163 1460 1323 1580 faisoit le corqis sans auenglet Ralumer
108 1513 1428 1632 s afolis garit los coureiys droit leuer
92 1580 1327 1678 ue nala des ny uint le corpe saint aoirer
209 1616 1546 1731 tous sains et haitres ne sen puist bien alir
207 1681 1502 1787 gueur celle miracle fist dieux poit amoirrn
105 1743 1265 1837 Oti en son non morr ainsy quoues o
87 1805 1182 1888 apostole d rõme ou coraige agen
101 1830 1352 1945 prus ceste a uenue prist cõgiet a heury
87 1895 1352 2000 t au uou roy authome quil Iouoit aaum
105 1950 1208 2053 rõme sen ala et ly Rais seignour
92 1975 1578 2113 ent lussire moult de gent pn le chytedõt iedy
82 2058 1277 2166 dui uelentiors sy sont amasse et noury
57 2079 193 2125 ¶
108 2122 1472 2224 a demoura paisanche la dame dont ie dy
101 2182 1249 2279 dine du coialme et de le uille aussa
147 2249 1447 2336 Roy ꝯstant fait querre que lle tient aamy
131 2304 1267 2389 Richer rois herris ou coraige agdãsn
128 2357 1426 2449 tramist ses messaiiel que poutt ne salenty
149 2403 296 2479 ine
108 2472 1410 2557 uent le roy autloint quil tengitaamy
538 2431 1127 2502 que le Roy se dqo
163 2520 1378 2615 sout entre en mer sana faire nul de tru
165 2576 1417 2668 ⁊̾ sout no gent crestin dedna le mersalee
165 2626 1546 2734 Au uoloir dame deu que fist chiel et Roufu
89 2672 1175 2780 kiueronteu flandre une reche ꝯtrie
92 2734 1394 2838 nas a dont nestoit pas flondre ainsy nõme
108 2792 1277 2900 ur le terre monte rent alescluse le ler
80 2829 135 2902 6o
174 2856 1161 2953 furont sarazin celle geit deffaie
135 2911 1293 3008 ui adedoiont le pas et soir et matura
101 2964 1433 3065 io gent crestia yẜont assault celle iourme
211 3029 1419 3123 uille de leselase out prise et conquestee
117 3068 303 3139 daien
340 3086 1426 3169 on uout fian uero bruges le loce
108 3123 1256 3217 lu conte mara su qui tant ont Renõmer
112 3162 1440 3284 ⁊ he fu fieux authenor qui le uieot fine
1493 800 1626 924 116
