3104 4140
1341 687 2936 800 Atant et uous un queet q̃ ui a dit haultement
1325 749 2682 853 chame par che luy dieu aqui le mout apent
1320 795 2420 892 Iauoie du disnes fait la pareillemer
1332 855 2795 942 EEt le char et le rost et tout latouraement
1327 917 1891 979 Er deuoit on lauer
1320 961 2894 1076 Iar ramps est de dismr et passes uraiement
1935 926 2549 1000 tos e⁊ apertement
1316 1014 2740 1115 Mes uostri uontilier a fait de tout present
1325 1071 2811 1182 u̾ poures qui laiens Ilouroient teurement
1357 1133 2685 1230 ne uous alaisfiet un seul rai de farmen
1348 1191 2820 1274 e sares que nrengier ne tout uostre parent
1323 1244 2768 1334 pe tout chil de uõcourt il en sont sydolent
1300 1294 2802 1400 Euil ochirout hon se uenganche oyen prent
1553 1357 2795 1444 uous oie lostes dit seriiche brieument
1274 1409 2519 1488 Par dist clariande ql yra aultremen
1286 1455 2751 1543 Iuuais au doy ly frere Naront lier begement
1279 1508 2406 1591 Mar dedeuei le chite amrõnement
1297 1561 2613 1651 Car Ie les en bainch par tel deuisement
1295 1619 2653 1704 Que syl y sont trouue Ia alauesprement
1283 1665 2742 1766 ioctroy queon en fache ui cruel iugement
1293 1708 3009 1853 Et se ne sust uour urat dont ne men plaris noien
1334 1773 2349 1856 e sesisse lion morir uilamement
1293 1833 2636 1908 Dont se leua climens qui le cuer et plilent
1421 1885 2818 1964 dist dame rome Ie uous paydouchemem
1281 1931 2731 2035 Paillies moy les enfaul en mon deliurement
1343 1982 2600 2086 e uous iure surdiei ⁊ sur le sacrement
1306 2021 2747 2155 reuoconte de clechestre iou en feray present
1318 2081 2059 2175 Et saueray aluy trostois
1247 2134 2869 2283 Son queei Il en donna rouge ne ulant aetargent
2098 2113 2478 2201 iueement
1267 2201 2643 2311 Pour le cause de uous atrare mlemem
1295 2256 2600 2357 Et le dame respont a uo cõmande uent
1293 2311 2616 2410 er̃a sarma ly traikes et un esciier prent
1300 2371 2501 2463 Raus ẽirena dluyariues souffissaiigient
1279 2412 2646 2516 ses enfans eninena de le uille briefment
1251 2465 2938 2587 Alles quant Il uint al camps en uneubusquement
1309 2527 2583 2626 les auda mourdrir et occher fausse met
1369 2580 2411 2670 a fait assallir lon prenuerement
1325 2624 3007 2734 t quant bras uit segfreriz con mourdrisoit ensement
1300 2688 2570 2760 un coultel quil auoit sen p̾ua tellenrent
1286 2734 2754 2824 que le maistre en ochst et lious se deffent
1256 2789 2864 2881 Par le uouloir de dieu aqui le mout apent
1329 2845 2738 2927 scaperent de mort sy uous dyan cõment
1304 2900 2666 2985 Az deugleterre plisserent la presem
1263 2953 2650 3033 Eui uirent le bataille ⁊ le tournoiemẽt
1272 2999 3021 3141 Puant urai uit uos engles spleurdist u haultemet
