3104 4140
1550 646 1583 740 1
110 747 1578 853 Sy uõne gent crestiengne a put quil uout yssant
115 823 1281 919 Aloient lapostole hũblement enclinant
174 901 1507 993 t ln bons apostoles les ua dedien saignant
138 968 1281 1058 ⁊ ir disant doucle or ales my enfant
117 1035 1543 1117 ueng̃ier le moet de dieu alespeetren chaist
94 1090 1670 1193 Tout chil que chy neurent en qhũtrst uengant
87 1166 1380 1262 peront lassus sauue ou tromne Relusans
112 1235 1691 1329 Et de tous nos pequies nos rassaux mainteuant
92 1304 1514 1396 Pour sen uout lrestren uault et liet ⁊ ioiant
133 1370 1562 1469 et heuris denglitelre ua le destre brochant
138 1446 1175 1545 la postele uint se ly dist en rant
133 1508 1668 1612 sains peres dist il pour dieu uous uoy priant
108 1573 1474 1676 Quarõme demores le uille alesz gardant
98 1642 1615 1754 Nous sõmres gent asses encontre che drondant
94 1718 1615 1835 Far se puis exploitier ains le soleil conchooit
246 1805 1371 1904 uous penderay mate ⁊ Rekreant
89 1865 1898 1975 Dieux le douist dist lepape par son s digne ꝯmant
87 1936 1859 2053 Somant Mos syplest a Ihũs le pere roy amant
87 2030 1953 2139 mossgs. Ia ne morout sans moy sarasui ne persant
92 2104 1548 2208 Et sarasin se uont sur les camps ordenant
96 2171 1173 2279 xini uatailles y uout establisant
94 2242 1382 2341 du al ot en cascune ou roy ou amirant
92 2311 1532 2403 or uoelle dieux aidier par son digne cõmant
94 2382 1449 2484 lo barnaihe gunal qui tant est souffisant
98 2461 1658 2562 Car moult aront a foore olins le soleil couchant
117 2532 1486 2635 y rois butors aloit. lestandart cõduiissant
126 2605 1500 2711 n sen escut dargent y auoit par deuant
131 2681 1672 2789 u pars qui furent dor fors et masis et grans
110 2753 1534 2868 noult auoir en buutos un sarasin poissant
190 2831 1520 2941 Dies auoit de lons selent mon essient
110 2904 1686 3026 tant les rmains que uout curs assalant
121 2980 1787 3148 ly dieux que ly ãchier y suent fort kaiant
