3104 4140
1355 846 3007 984 Pour or et pour argent dont elle uint peugle
1398 926 2627 1016 Rue de losterit su maistresse clamee
1366 977 2862 1076 Un dames y auoit chest  uerite prouuee
1350 1041 2896 1127 Cascune ot sen offisse dont elle sest cmellee
1405 1099 2659 1191 ⁊ lame y arma malade et moult lass
1373 1156 2648 1255 lestel a demande amoult uasse a lenri
1348 1212 2965 1315 our lamour de che luy qui dt le char penee
1401 1285 2811 1377 Et plaisanche le uelle est encontre lyalie
1325 1334 2899 1453 Moult en ot grant pite quant le uit affoler
1463 1403 2968 1513 uant elame per chost plaisanche la rome
1438 1472 3021 1568 ua meluelle merueille sa bloit poure mesqui
1392 1536 3000 1639 Roitenoit uoie le mena par de deus̃ le cuisin
1371 1598 2784 1692 Dun capou aporta a dont ꝯboune estemee
1371 1660 2917 1752 pout ly douna a boire de uon cuer saus̃hayne
1378 1718 2931 1814 e nint coucha olur moult fu de uouue mine
1364 1782 2742 1874 Car moult ama ihũi et le uerti diuint
1373 1837 2878 1943 lanne fu malade un auaux sy fort lasine
1346 1911 2639 2012 fue bien cuida morir aialle Reruunt
1389 1961 2850 2083 pn priestre de mãda pour le malquil amine
1371 2046 2634 2145 luy se confessa de tresbonne dostrint
1387 2099 2837 2208 uangue m estauenu ly dist et determine
1373 2166 2577 2267 En se cautession ly sist et ly enserne
1334 2228 2740 2329 SSen paĩs etsen lieu dont elle fu rome
1438 2293 2862 2396 ly pria forment se mort formet̾ lasme
1334 2357 2931 2461 Etue heury deu gleterbe nen saichi le cõme
1352 2421 2712 2530 poire sil est enuie que ly cent sarasine
1339 2500 2772 2594 Ne saient uis amort par de la le marnie
1325 2564 2952 2661 Chieux og ot en couuent qui de pleurer nesmie
1329 2628 2728 2714 Euant il oy le dame que tel estat sasuu
1461 2686 2883 2776 uant ly prestres oy que le dame parla
1424 2746 2839 2838 Efui bi dist se nafaire ⁊ Rens ne lycela
1382 2801 2984 2895 qe dame che dist dy prestres ꝯ grant puechya
1327 2865 2961 2957 Quant uous estes iel dame ou pail ꝙaĩ dela
1336 2925 2873 3022 Et sines cel estat scachur que lout tamps a
1316 2989 3021 3100 Que Iay oy de uous cõment le cose ua ugina
1306 3058 2779 3153 Lõment le malle uielle le uostre corps ea
1297 3123 2742 3268 Sire dist e lamn poir dieu nen parlus ia
2673 3590 3034 3735 Car eni a
