3104 4140
142 745 1539 869 duant elame le sceut sen su moult coureet
138 795 1638 931 dour che se fu ledame de le caite parnie
131 913 181 1025 ꝑ
200 862 1341 986 disoit a sen cuer que naresteroit mie
236 892 1525 1051 saroit que chest uray que tamne esmarie
200 1037 402 1110 mst
639 942 1560 1087 cliemin sa se uoie acuellie
209 1032 1313 1173 rs rõmesen a la celle chite plie
209 1156 246 1230 U
278 1092 1445 1228 sen ua le Rome qui elame est clamee
225 1147 1435 1297 ro cõie le cqite ase uoie courue
156 1207 1596 1352 en pain ua demaiant cõme famne esgara
144 1262 1642 1414 Noult estoit mal uestue ⁊ noue et niscura
1626 1338 1815 1437 du corꝑt
135 1329 1424 1476 Du solail de et du uent demnt toutel
184 1391 1231 1527 antala le Rame aqui uontes agre
1122 1421 1350 1513 enRer
1562 1386 1889 1481 fist nel
149 1462 1023 1596 onbardie passa en castreen
1318 1453 2045 1561 dener Mes en li porathat
1497 1520 1944 1605 ꝑion le cite leustre
158 1488 1302 1658 a su forment malade traueillus et
379 1559 1260 1704 en le cque un petie arester
977 1598 1332 1724 gent defface
158 1651 830 1777 amnõp demandant
623 1637 1587 1789 arler de le uertu lete nõmidi
151 1743 582 1846 Nles ny osoir e
1539 1701 1573 1828 ¶
142 1757 1468 1888 Trouna une rome moult poure etadoiee
1104 1796 1633 1890 oit et fous leuee
144 1844 971 1954 Qui pour la mour de dieu
1168 1851 1622 1943 rite proume
151 1895 954 2010 plaisanche auoit anon cl
170 1915 1428 2081 escalõne fust dame chest uien cose ancrir
179 1971 1348 2139 les uien aueboy en le canchon amnee
167 1996 1817 2180 mont ne parquel tour fu desen fu de seun lienseueree
161 2088 1645 2247 une estoit constant de uour diaus le frumee
172 2150 1532 2316 en castre fu le dame plaisaiche le loee
174 2274 494 2373 et aussy se
563 2219 1304 2332 elame aycelle uurnee
209 2277 1281 2428 Romrs y ot de rande Renõmer
1254 2309 1440 2394 enfee
158 2339 1180 2490 due de Ihus seruir orout uõne
174 2463 469 2548 En yrelse
568 2387 1440 2516 nuce que castre ert nõmee
190 2440 1523 2601 auoit une Rue de ens uien restieuuee
165 2490 1665 2665 din par rreupaier chse scachien par lenuee
170 2557 1755 2718 nanoient en celle uille que Ie ue ay nõmee
172 2628 1516 2778 ꝑuant elaine le scent celle part estalir
232 2711 1166 2822 un ogeleri ui la su orde
188 2730 1914 2888 dou cons cliem herbegir quant uinta lauspre
184 2803 1686 2948 in pour la mour de dieu out diste deurindee
174 2870 1744 3022 la endroit uint elame qui estdit moult lassir
167 2955 1813 3102 ꝑlaisanche la Raine ot tant fout celle dõuee
