3104 4140
154 827 1378 940 Prre en che coffin la chest uerite prounee
236 873 1447 979 euouũdy en certain cest une auain coper
179 901 1889 1046 Et uous dyque chieux enfel lporte mauice ⟦ auee
154 965 1438 1094 Et quant le roy lentent sa le couleur mure
156 1046 1226 1147 uug brat distli Roil esse cose uerir
172 1081 1491 1202 due distlorcheuesqui par le uertu sarrie
165 1143 1534 1265 Mar foy che dist le roy or ay che qui magree
161 1189 1571 1331 a moisaux Ie uous prie pourle uierg loee
158 1262 1698 1391 Que Ie uoie le main sil uous plaist et agra
151 1331 1465 1446 Paunr uous en douran tout a uo desire
190 1407 1578 1508 Sire che dist ly onscs Ia nẽ pranoilnee
200 1481 1421 1566 e le uous mousteray par telle desiinee
165 1534 1686 1626 Rue conuent maueres par deuant lassamblere
158 1593 1677 1690 Rue quant ares le bracs ⁊ lenuain megardee
197 1660 1610 1745 due le me reues ainsy le uois ert moustiee
184 1722 1557 1805 uil che dist le roy qui auul mal ne bee
195 1775 1357 1862 e noble aoy anchain ale cose escoutes
140 1830 1355 1929 Re Sistalun meismes coiement a celee
149 1879 1385 1984 painte marie dame royne ourõnee
147 1945 1479 2037 roihe point le brac delame lõneree
315 2005 1564 2104 quit fu le rry antione esbais ⁊ Peisans
522 2065 1695 2164 uegir e brach fu forment desirant
324 2127 1594 2221 urisses lygentil qui fu Preux ⁊ sachans
181 2185 1504 2283 Deffruma le coffus qui Porte plinsenr aus
218 2247 1615 2339 e oracii ena hors trit qui fu uermaux que sans
204 2300 1606 2408 Eucoire enot sen doit che nous dist yorõmina
200 2364 1419 2467 amel que ly sõna Ieury ay soullisans
188 2412 1606 2530 Puant Il fu ale glise ie fien corpar efpdusans
202 2470 1610 2587 Irisse uaist᷑ ue brach temrement fuplourans
195 2534 1610 2647 Et quant heuris le uit qui tant fu souffifiis
213 2571 1707 2723 le brachi prnitadena noiame ⁊ le fu & ardbeis
230 2647 1343 2771 emai uien ainsa et lemelqui est gruls
213 2700 1468 2838 ontacola le brach forment le fu uaisans
354 2766 1560 2898 bon roy archome be fu bien ainsans
278 2815 1665 2985 urach se fille uaise la fu che pctergrans
167 2909 1514 3063 Rois heuris sescria amesmes sescenfainz
188 2985 1599 3123 Du est ales martu Et damoisayx plaisans
335 3047 1732 3213 uant qeny dengleterre qui cuirade lion
