3104 4140
1389 956 2719 1067 El dist dy rois heurie ny a conte iͥ des
1378 1078 2751 1175 suua prisomner ne fi sy lademyat meurs
1571 1032 2867 1120 o pry que Ie nuie car iay uescu asses
1373 1122 2809 1230 Etue im este ychy auis que ie y sun bontes
1438 1179 2581 1278 Qnñ iour a iournee ay este uilenee
1415 1237 2728 1334 dont monstre ꝯmeut ia Ila este naurais
1417 1288 1454 1405 e
1465 1352 1829 1432 corterier en
1672 1304 2643 1377 fu urgadinã dolans et ayres
1410 1384 1421 1469 ¶
1507 1405 1843 1483 iamais en
1843 1357 2696 1444 blasme et dist puins seres
1445 1451 2871 1540 in gies uous que che soit une teuans a uoles
1875 1409 2777 1481 uo un uus ne be garderro
1516 1511 2963 1600 nest qroint un garchon que chy endroit
1343 1557 2850 1653 Auchois est dengletorre sires et croie clames
1415 1614 2956 1718 de tant quen aurs focit moult chier le ꝯperer
1339 1660 1362 1750 ¶
1396 1662 2899 1780 Rendont fu en se lon maradins dy doustes
1405 1731 2779 1835 epuis fe en sams fous bacptisres et leues
1479 1791 2719 1888 eut a uon morant che dist lanccoriten
1594 1849 2926 1948 sa gent yssy moult de corp̾s hõnoures
1318 1906 2954 2010 Gamns morans en issy qui de dieu fucrates⟧ amer
1366 1954 2929 2074 maradis pprist le poy qui forment fu naures
1366 2063 2890 2194 Et puis au carterier en lu ly chief coppes
1654 2035 2696 2127 mires fu uailliex et deliures
1323 2120 2657 2235 Amil fist maradine que uens dere moer
1525 2189 2751 2290 coutes mar dine list le bon roy garer
1300 2231 2728 2336 Et le fist en prison songneusement teuer
1359 2293 2777 2382 Et s uour cois auchouee sist brugee assalir
1355 2346 2733 2444 prande auoit ly crois sans poun de la lentir
1364 2412 2756 2509 archeuesque de courer qui les uiengne ueir
1352 2467 2705 2566 Et a forche de gens ler uiengne secourer
1323 2525 2742 2624 Et amaine auout luy pour qerey garandir
1348 2582 2913 2677 ler ii fieux germaine qui ueult poil firio teror
1341 2640 2832 2739 Et quant E ar cheuesque pot le messigieror
1348 2709 2876 2792 prisse et martui apielle que moult fout achiera
1334 2764 2890 2879 Eufant dist larcheuesque que fist pateux soupir
1325 2829 2758 2934 que Rirue uous diray dont iy au cuerait
1470 2879 2972 3006 nfant dist larcheuesque ueullies moy esconter
1355 2930 1435 3010 D
1451 2948 2883 3049 le goy heury uo pere que uous deuys amer
1311 2999 2931 3111 Est en prison a bruges la le trenuent eftl escler
1297 3068 2883 3171 aien et sarazin que dieux puist cl claneter
1304 3123 3005 3229 Eu couent och uo pere quant de chy uotrieseuer
1279 3173 3002 3286 pour che quildrous laissast auent anoy demoure
1295 3236 2871 3355 Que si lauoit mestie et me fesit mander
