3104 4140
96 726 1463 855 des uu saroquis de saint iorer be grant
98 793 1472 917 cõment le deliurag de legeut ternagant
197 850 1599 972 omently a dit quains yroit cousquestant
133 929 1263 1025 rliñ ie uille ou Il auoit sis tant
117 972 1410 1078 astres en loubardie ⁊ flaudres ensant
105 1014 1677 1143 daul Reuist sa moulleer elame ocora plaisant
124 1081 1852 1205 et uous frans apis anthoures ne uous yraycelant
184 1131 1838 1269 le chite de Rastre dout Ie uous uois parlant
209 1205 1764 1336 est ly dignel chierges nint et put uaardant
184 1260 1624 1393 uant ler uni dieux ou paiens uout rreant
386 1331 1385 1455 le prope que de uertu ot cant
241 1396 1290 1508 ⁊ en est trois Ie le uoꝰ atreant
163 1462 1481 1573 doy en sont amiesq̃ en Ree du sondaat
165 1513 1619 1628 ly tiers est a cast̾ deut Ie uous dydeuant
161 1582 1534 1685 apent uunt et iour et uerent en auait
142 1642 1624 1743 e Iour que dieux su mez par dedens beliant
140 1708 1525 1791 pous en aueres ln et ien lres ertant
140 1752 1520 1849 e dens coustantruoble uo chite souffisans
151 1819 1488 1911 moustier saint souffer la leres orderant
147 1879 1560 1971 de uo Ieste Iteray en tamps chy en auant
149 1952 1557 2030 que drme saintie que de bienr̾ fera tant
181 1996 1633 2102 ue sy bicn duffira a dieu le rroy amant
149 2065 1684 2155 que san corpa sere mis en fiertre derluissant
315 2127 1610 2214 ert sainte souffie ensy lira on nõmant
186 2180 1739 2279 lle ert dun empereut que uerradenosant
204 2249 1412 2350 pout celle sasie ura on dediant
140 2311 1815 2419 oue tresbelle eglise ains ne uit hous sy grant
158 2394 1596 2481 oite ert dalbastre et de iaspre sieuant
151 2454 1688 2546 e par deuant le fiertre de le dame uaillant
207 2516 1737 2612 ra le caindelabre ⁊ le uray chpierge argan
126 2571 1764 2684 Qui par uous sers mys en le chite poissant
140 2638 1537 2741 ensement le ueult que le uo suy contant
142 2704 1817 2801 bar demain au mutin men yray de uous partãt
133 2769 1507 2861 amas ne fiueray en iout de men uiuant
151 2796 1840 2937 saraz troune plaisanche que mon sorꝑs a ma tant
218 2868 1587 3001 uay en cel liou se dieu plest a bitant
200 2937 1472 3095 de R sermray dieu aloy de pemast
