<?xml version="1.0" encoding="UTF-8"  standalone="yes"?>
<PcGts xmlns="http://schema.primaresearch.org/PAGE/gts/pagecontent/2019-07-15" xmlns:xsi="http://www.w3.org/2001/XMLSchema-instance" xsi:schemaLocation="http://schema.primaresearch.org/PAGE/gts/pagecontent/2019-07-15 http://schema.primaresearch.org/PAGE/gts/pagecontent/2019-07-15/pagecontent.xsd">
  <Metadata>
	<Creator>escriptorium</Creator>
	<Created>2025-10-15T20:24:28.450893+00:00</Created>
        <LastChange>2025-10-15T20:24:28.450925+00:00</LastChange>

  </Metadata>
  <Page imageFilename="620416201_MS0742_0766_0180A.jpg" imageWidth="3104" imageHeight="4140">

    
    <TextRegion id="eSc_textblock_266ccb28"  custom="structure {type:text;}">
      <Coords points="1585,772 1707,791 1725,1037 1808,1085 1826,1150 1808,1267 1725,1324 1716,1432 1617,1460 1560,1554 1688,1646 1688,1708 1615,1810 1854,1885 1836,1975 1645,2021 1633,2051 1652,2187 1624,2279 1698,2454 1780,2474 1808,2530 1790,2785 1698,2888 1642,3125 1541,3217 1394,3226 156,3208 147,2916 82,2914 73,2849 92,2732 126,2750 165,2693 135,2665 82,2693 73,2546 101,2309 119,2392 147,2352 138,2281 82,2279 73,910 1486,892 1585,772"/>
      
      
      <TextLine id="eSc_line_e649df33" custom="structure {type:default;}">
        <Coords points="1484,890 1461,892 1438,892 1433,892 1428,896 1424,892 1415,892 1392,892 1369,892 1346,892 1323,892 1300,894 1277,894 1254,894 1233,894 1228,896 1210,894 1208,894 1184,894 1161,894 1138,894 1115,896 1092,896 1090,896 1069,903 1035,896 1023,896 1000,896 977,896 954,896 931,899 908,899 885,899 862,899 839,899 816,899 793,899 770,901 759,908 720,908 710,901 701,901 678,901 655,901 632,901 609,901 586,903 563,903 540,903 517,903 513,903 499,908 365,906 356,906 333,906 310,906 287,906 264,906 241,908 218,908 195,908 172,908 149,908 126,908 103,908 105,956 105,979 393,979 398,979 437,995 439,995 441,995 568,993 570,993 605,982 618,977 918,977 931,984 947,991 950,991 952,991 1003,984 1030,979 1049,984 1076,991 1079,991 1081,991 1083,991 1086,991 1086,988 1092,984 1104,975 1217,984 1295,991 1297,991 1300,991 1311,986 1339,972 1387,986 1398,988 1401,988 1403,988 1419,986 1472,975 1702,986 1705,947 1700,890 1633,883 1631,883 1629,883 1626,883 1626,885 1619,890 1606,901 1502,890 1484,887 1484,890"/>
        <Baseline points="105,956 1705,947"/>
        <TextEquiv conf="0.9847225728242294">
          <Unicode>Y auoit in issires ou camps dont ie uousz cant</Unicode>
        </TextEquiv>
      </TextLine>

      
      
      <TextLine id="eSc_line_dee1a0a3" custom="structure {type:default;}">
        <Coords points="149,1023 149,1060 227,1044 306,1055 308,1055 411,1041 605,1041 639,1051 667,1058 669,1058 671,1058 674,1058 699,1048 729,1039 816,1046 915,1055 918,1055 1044,1041 1092,1037 1097,1041 1111,1051 1111,1053 1113,1053 1115,1053 1118,1055 1161,1055 1161,1053 1249,1037 1267,1035 1277,1037 1316,1051 1318,1051 1320,1053 1412,1053 1412,1051 1415,1051 1463,1032 1463,1011 1458,982 1366,965 1364,965 1221,979 1194,982 1189,979 1171,968 1168,968 1166,968 1164,968 1161,968 1129,979 1122,984 931,984 920,979 904,970 901,970 899,970 897,970 874,979 858,986 717,986 704,977 687,970 685,970 683,970 582,972 579,972 570,977 549,988 494,988 480,977 476,972 473,972 471,972 469,972 423,977 312,988 147,977 149,1023"/>
        <Baseline points="149,1023 1463,1011"/>
        <TextEquiv conf="0.967688584013989">
          <Unicode>me ee ui uirs haman le pais de duisant</Unicode>
        </TextEquiv>
      </TextLine>

      
      
      <TextLine id="eSc_line_2cf07ce4" custom="structure {type:default;}">
        <Coords points="115,1076 117,1108 147,1094 308,1094 347,1106 354,1108 356,1108 358,1108 361,1108 365,1106 384,1097 407,1106 421,1110 423,1110 425,1110 467,1106 559,1092 572,1104 572,1106 575,1106 577,1106 639,1108 641,1110 812,1110 812,1108 814,1108 826,1101 846,1090 927,1090 964,1101 973,1104 975,1104 977,1104 1003,1101 1074,1090 1086,1099 1086,1101 1088,1101 1090,1101 1092,1101 1118,1099 1182,1094 1191,1099 1201,1106 1203,1106 1205,1106 1208,1106 1210,1106 1231,1099 1256,1090 1286,1099 1304,1104 1306,1104 1309,1106 1468,1106 1468,1104 1470,1104 1472,1104 1472,1101 1479,1097 1491,1087 1550,1087 1562,1097 1569,1101 1569,1104 1571,1104 1573,1104 1576,1104 1624,1094 1624,1055 1619,1021 1438,1018 1435,1018 1433,1018 1431,1018 1428,1021 1408,1035 1332,1035 1279,1023 1267,1021 1265,1021 1247,1023 1159,1035 1081,1023 1053,1021 1051,1021 1017,1025 918,1037 835,1025 809,1023 807,1023 777,1025 692,1039 575,1039 563,1028 561,1025 559,1025 556,1025 554,1025 552,1025 543,1028 506,1039 416,1030 379,1025 377,1025 375,1025 365,1030 342,1039 292,1030 264,1025 262,1025 260,1025 239,1030 200,1039 112,1032 115,1076"/>
        <Baseline points="115,1076 1306,1074 1624,1055"/>
        <TextEquiv conf="0.9745820280982227">
          <Unicode>saulre deuers cambray ⁊ ne ua dplus auant</Unicode>
        </TextEquiv>
      </TextLine>

      
      
      <TextLine id="eSc_line_b8078775" custom="structure {type:default;}">
        <Coords points="1790,1092 1654,1074 1652,1074 1649,1074 1599,1090 1589,1092 1571,1090 1486,1076 1484,1076 1481,1076 1479,1076 1463,1090 1458,1094 1242,1094 1219,1087 1194,1081 1191,1081 1189,1081 1104,1087 1037,1092 1021,1087 1000,1078 998,1078 885,1078 883,1078 881,1078 878,1078 867,1085 846,1099 664,1099 616,1085 609,1083 607,1083 605,1083 602,1083 595,1085 554,1097 517,1083 513,1083 510,1083 508,1083 506,1083 501,1083 441,1099 416,1083 414,1083 411,1083 142,1083 142,1133 144,1173 177,1156 278,1156 312,1170 315,1170 317,1170 324,1170 434,1156 450,1168 450,1170 453,1170 455,1170 457,1173 513,1173 513,1170 526,1168 584,1154 692,1166 717,1168 720,1168 947,1166 950,1166 957,1163 975,1154 998,1163 1007,1166 1010,1166 1012,1166 1792,1152 1794,1120 1790,1092"/>
        <Baseline points="142,1133 1115,1136 1794,1120"/>
        <TextEquiv conf="0.9869125242135963">
          <Unicode>et lantre issoit uera noble con ua̾ arras nõmant</Unicode>
        </TextEquiv>
      </TextLine>

      
      
      <TextLine id="eSc_line_af4452a3" custom="structure {type:default;}">
        <Coords points="135,1193 133,1219 1808,1225 1813,1198 1806,1143 1771,1159 1755,1145 1753,1145 1751,1145 1748,1145 1658,1159 1633,1143 1631,1143 1629,1143 1405,1143 1403,1143 1401,1143 1396,1143 1336,1161 1242,1161 1210,1143 1208,1143 1205,1143 1203,1143 1191,1143 1097,1159 1005,1145 1003,1145 1000,1145 996,1145 789,1156 757,1145 745,1140 743,1140 740,1140 738,1140 727,1145 701,1156 648,1145 623,1140 621,1140 618,1140 605,1145 570,1159 460,1159 446,1145 441,1143 441,1140 439,1140 437,1140 434,1140 432,1140 418,1145 391,1156 135,1147 135,1193"/>
        <Baseline points="135,1193 1813,1198"/>
        <TextEquiv conf="0.9913158925871054">
          <Unicode>dt par ches in issues yssoient as plaiẽ cħ amꝑe</Unicode>
        </TextEquiv>
      </TextLine>

      
      
      <TextLine id="eSc_line_2f95bdd9" custom="structure {type:default;}">
        <Coords points="135,1248 135,1276 653,1283 655,1283 658,1283 660,1283 662,1281 676,1271 798,1271 812,1281 814,1283 816,1283 819,1283 821,1285 968,1285 968,1283 1019,1281 1198,1271 1212,1283 1214,1283 1217,1283 1219,1285 1318,1285 1318,1283 1336,1283 1477,1271 1548,1283 1550,1283 1553,1283 1555,1283 1583,1271 1682,1283 1684,1248 1682,1205 135,1205 135,1248"/>
        <Baseline points="135,1248 1684,1248"/>
        <TextEquiv conf="0.9679366770115766">
          <Unicode>drouement o chenun du Rieu dont ie uous cant</Unicode>
        </TextEquiv>
      </TextLine>

      
      
      <TextLine id="eSc_line_9f39d4db" custom="structure {type:default;}">
        <Coords points="144,1304 144,1327 200,1340 202,1340 204,1340 232,1329 437,1329 439,1331 448,1338 448,1340 450,1340 453,1340 455,1343 734,1343 734,1340 736,1340 738,1340 747,1334 752,1329 773,1334 805,1340 807,1343 957,1343 957,1340 959,1340 961,1340 966,1336 977,1329 1017,1336 1049,1340 1051,1343 1180,1343 1180,1340 1182,1340 1184,1340 1184,1338 1187,1338 1196,1329 1477,1340 1511,1340 1514,1340 1516,1340 1539,1329 1629,1340 1631,1304 1631,1269 1481,1255 1479,1255 1306,1267 1295,1267 1281,1267 1115,1255 1113,1255 1026,1267 1012,1269 828,1269 823,1265 812,1255 809,1255 807,1255 671,1255 669,1255 667,1255 664,1255 653,1265 648,1267 144,1265 144,1304"/>
        <Baseline points="144,1304 1631,1304"/>
        <TextEquiv conf="0.9453169337727807">
          <Unicode>docr lisire de noble uont paiien adrechetant</Unicode>
        </TextEquiv>
      </TextLine>

      
      
      <TextLine id="eSc_line_0c3a952e" custom="structure {type:default;}">
        <Coords points="151,1357 151,1384 306,1384 310,1386 324,1398 326,1398 329,1398 331,1400 503,1400 503,1398 506,1398 508,1398 508,1396 520,1386 522,1384 589,1386 775,1396 777,1396 780,1396 782,1396 791,1386 796,1382 807,1386 826,1396 828,1396 830,1396 867,1389 892,1382 904,1389 920,1396 922,1396 924,1396 977,1389 1033,1380 1046,1389 1051,1393 1053,1393 1056,1393 1058,1396 1208,1396 1208,1393 1210,1393 1212,1393 1212,1391 1217,1389 1226,1380 1300,1380 1313,1389 1318,1393 1320,1393 1323,1393 1325,1393 1357,1389 1426,1380 1550,1389 1555,1354 1550,1315 149,1315 151,1357"/>
        <Baseline points="151,1357 651,1366 1555,1354"/>
        <TextEquiv conf="0.9566813089498659">
          <Unicode>e dras du missaige qui sen uatout braiant</Unicode>
        </TextEquiv>
      </TextLine>

      
      
      <TextLine id="eSc_line_1052f5a3" custom="structure {type:default;}">
        <Coords points="174,1453 306,1446 317,1453 326,1460 329,1460 331,1460 333,1460 335,1460 354,1451 361,1449 414,1451 570,1460 572,1460 575,1460 607,1449 618,1444 623,1449 635,1458 635,1460 637,1460 639,1460 641,1460 699,1446 706,1446 720,1458 722,1458 724,1458 727,1458 835,1446 890,1458 892,1458 966,1444 971,1444 973,1444 1053,1455 1056,1455 1184,1453 1187,1453 1219,1439 1224,1439 1228,1439 1260,1449 1263,1449 1265,1449 1267,1449 1270,1449 1283,1439 1286,1437 1297,1439 1369,1453 1371,1453 1373,1453 1375,1453 1398,1437 1405,1435 1468,1435 1472,1437 1493,1451 1495,1451 1497,1451 1500,1451 1502,1451 1562,1435 1566,1435 1569,1435 1603,1451 1606,1451 1608,1451 1610,1451 1612,1451 1612,1449 1629,1435 1631,1432 1693,1432 1695,1400 1688,1368 1472,1375 1431,1368 1401,1363 1398,1363 1369,1368 1320,1377 1272,1368 1249,1366 1247,1366 1219,1368 1129,1384 931,1384 908,1370 906,1370 904,1370 901,1370 899,1370 897,1370 881,1384 685,1370 653,1370 651,1370 648,1370 644,1373 614,1386 559,1373 556,1373 554,1373 552,1373 522,1389 411,1389 356,1375 354,1375 352,1375 349,1375 310,1389 296,1375 294,1375 292,1375 174,1375 174,1416 174,1453"/>
        <Baseline points="174,1416 968,1426 1695,1400"/>
        <TextEquiv conf="0.9920101526171662">
          <Unicode>our langoisse quil ot se ua moult dementant</Unicode>
        </TextEquiv>
      </TextLine>

      
      
      <TextLine id="eSc_line_42577339" custom="structure {type:default;}">
        <Coords points="147,1497 361,1515 363,1517 561,1517 561,1515 563,1515 586,1504 609,1515 612,1515 614,1515 616,1515 618,1515 639,1499 704,1515 706,1515 708,1515 793,1499 867,1513 869,1513 980,1504 1003,1515 1005,1515 1007,1515 1010,1515 1056,1499 1104,1513 1106,1513 1109,1513 1226,1499 1272,1515 1274,1515 1277,1515 1332,1504 1371,1515 1373,1515 1375,1515 1378,1515 1380,1515 1403,1499 1479,1515 1481,1515 1484,1515 1530,1497 1530,1476 1530,1437 1392,1430 1389,1430 1387,1430 1385,1430 1378,1435 1364,1444 1304,1435 1270,1430 1267,1430 1265,1430 1263,1430 1258,1435 1247,1444 1224,1435 1212,1430 1210,1430 1208,1430 1205,1430 1194,1435 1166,1444 1106,1435 1079,1430 1076,1430 1074,1430 1060,1435 1019,1446 869,1446 823,1432 812,1430 809,1430 807,1430 805,1430 803,1430 800,1432 786,1446 731,1446 717,1432 715,1430 713,1430 710,1430 708,1430 694,1432 635,1444 602,1432 598,1430 595,1430 593,1430 591,1430 589,1430 589,1432 568,1444 439,1432 437,1432 289,1444 236,1430 234,1430 232,1430 230,1430 227,1430 207,1444 149,1430 147,1476 147,1497"/>
        <Baseline points="147,1476 1530,1476"/>
        <TextEquiv conf="0.9459771368561721">
          <Unicode>l atant chemine quil unnt droit a brayant</Unicode>
        </TextEquiv>
      </TextLine>

      
      
      <TextLine id="eSc_line_9bb9ef0e" custom="structure {type:default;}">
        <Coords points="255,1536 260,1575 283,1559 335,1570 338,1570 340,1570 372,1559 439,1573 450,1573 453,1573 469,1570 552,1559 572,1570 579,1573 582,1573 584,1573 616,1568 667,1561 678,1568 683,1573 685,1573 687,1573 690,1575 803,1575 803,1573 805,1573 826,1566 849,1557 874,1563 892,1570 895,1570 897,1570 1424,1554 1426,1531 1417,1488 1369,1504 1265,1504 1240,1488 1237,1488 1235,1488 1233,1488 1217,1488 1088,1501 1012,1490 991,1488 989,1488 957,1490 835,1504 816,1492 816,1490 814,1490 812,1490 809,1490 807,1490 800,1492 763,1506 607,1506 595,1492 593,1492 593,1490 591,1490 589,1490 586,1490 584,1490 572,1492 543,1504 253,1497 255,1536"/>
        <Baseline points="255,1536 1426,1531"/>
        <TextEquiv conf="0.9745275619867686">
          <Unicode>Il trouua heury et authoine et morant</Unicode>
        </TextEquiv>
      </TextLine>

      
      
      <TextLine id="eSc_line_972b3a3e" custom="structure {type:default;}">
        <Coords points="154,1584 151,1607 262,1607 276,1619 276,1621 278,1621 280,1621 283,1621 347,1609 368,1623 370,1623 372,1623 375,1626 653,1626 653,1623 655,1623 658,1623 658,1621 669,1609 704,1623 706,1623 708,1626 757,1626 757,1623 759,1623 761,1623 761,1621 773,1609 809,1623 812,1623 814,1626 1012,1626 1012,1623 1014,1623 1063,1609 1290,1623 1293,1623 1295,1623 1332,1607 1334,1593 1329,1561 1212,1547 1210,1547 842,1554 503,1559 361,1547 356,1547 354,1547 352,1547 329,1559 303,1545 301,1545 299,1545 296,1545 294,1545 289,1545 248,1557 236,1547 236,1545 234,1545 232,1545 154,1545 154,1584"/>
        <Baseline points="154,1584 543,1598 1334,1593"/>
        <TextEquiv conf="0.990469194120831">
          <Unicode>eui la se demsoit et aloient parlant</Unicode>
        </TextEquiv>
      </TextLine>

      
      
      <TextLine id="eSc_line_cc8aede1" custom="structure {type:default;}">
        <Coords points="809,1598 786,1598 775,1598 752,1612 687,1598 685,1598 586,1612 531,1598 510,1598 503,1598 441,1609 358,1593 354,1593 352,1593 349,1593 342,1593 174,1607 144,1591 142,1644 140,1662 225,1662 276,1683 278,1683 280,1683 375,1662 377,1662 379,1662 460,1683 462,1683 464,1683 467,1683 469,1683 503,1662 510,1662 639,1681 641,1681 644,1681 692,1665 747,1685 750,1685 752,1688 924,1688 924,1685 927,1685 954,1674 973,1683 975,1683 977,1683 980,1683 1014,1665 1063,1688 1065,1688 1067,1688 1069,1688 1072,1688 1097,1667 1125,1688 1127,1688 1129,1688 1132,1690 1249,1690 1249,1688 1251,1688 1254,1688 1272,1672 1323,1688 1325,1688 1327,1688 1329,1688 1332,1688 1352,1669 1447,1665 1449,1639 1445,1605 1017,1614 819,1598 809,1598"/>
        <Baseline points="142,1644 1198,1653 1449,1639"/>
        <TextEquiv conf="0.999088047548782">
          <Unicode>de celle tour qui fu sy fort et sy paissant</Unicode>
        </TextEquiv>
      </TextLine>

      
      
      <TextLine id="eSc_line_123eaa16" custom="structure {type:default;}">
        <Coords points="154,1704 154,1734 260,1734 266,1734 386,1759 388,1759 446,1747 572,1757 575,1757 577,1757 616,1743 644,1757 646,1757 648,1759 789,1759 789,1757 791,1757 793,1757 793,1754 796,1754 807,1741 964,1754 966,1754 968,1754 971,1754 996,1734 1069,1752 1072,1752 1074,1752 1191,1734 1233,1750 1235,1750 1237,1750 1240,1750 1293,1736 1346,1752 1348,1752 1350,1752 1438,1738 1500,1750 1502,1750 1504,1750 1507,1750 1543,1724 1670,1722 1670,1676 1665,1646 1468,1646 1465,1646 1463,1646 1461,1646 1461,1649 1447,1658 1392,1649 1382,1649 1380,1649 1378,1649 1375,1649 1350,1669 1067,1669 1035,1658 1033,1658 1030,1658 1028,1658 1003,1672 761,1672 745,1658 740,1655 740,1653 738,1653 736,1653 734,1653 731,1653 717,1658 683,1672 612,1660 570,1653 494,1653 492,1653 490,1653 487,1653 478,1662 467,1669 453,1662 439,1655 437,1655 434,1655 432,1655 430,1655 423,1662 409,1674 368,1662 338,1655 335,1655 333,1655 151,1665 154,1704"/>
        <Baseline points="154,1704 1191,1711 1670,1676"/>
        <TextEquiv conf="0.9731456240018209">
          <Unicode>t ensy ꝑ nroffort heu que chest meruellegrant</Unicode>
        </TextEquiv>
      </TextLine>

      
      
      <TextLine id="eSc_line_62e7179b" custom="structure {type:default;}">
        <Coords points="98,1764 96,1789 400,1796 538,1816 540,1816 683,1803 853,1816 855,1816 858,1816 901,1798 1012,1816 1014,1816 1017,1816 1065,1796 1189,1807 1191,1807 1194,1807 1228,1791 1231,1770 1224,1729 740,1741 717,1727 715,1727 713,1727 710,1727 708,1727 706,1727 706,1729 692,1743 646,1743 621,1727 618,1727 616,1727 614,1727 612,1727 556,1741 446,1727 444,1727 333,1738 308,1727 306,1727 303,1727 301,1727 262,1736 98,1724 98,1764"/>
        <Baseline points="98,1764 595,1780 1231,1770"/>
        <TextEquiv conf="0.959539392509976">
          <Unicode>diauet et de fosses de ruuere courans</Unicode>
        </TextEquiv>
      </TextLine>

      
      
      <TextLine id="eSc_line_600dcbd4" custom="structure {type:default;}">
        <Coords points="163,1833 163,1869 1382,1856 1385,1830 1380,1793 1212,1777 1210,1777 1208,1777 1205,1777 1205,1780 1194,1789 1138,1782 1136,1782 1134,1782 1132,1782 1132,1784 1129,1784 1125,1791 1120,1796 1106,1791 1081,1782 1079,1782 1076,1782 1074,1782 1049,1789 1007,1805 849,1805 823,1789 823,1787 821,1787 819,1787 816,1787 814,1787 812,1787 812,1789 791,1807 508,1807 492,1793 490,1793 487,1793 485,1793 483,1793 480,1793 464,1805 444,1787 444,1784 441,1784 439,1784 437,1784 425,1784 338,1798 308,1784 306,1784 161,1784 163,1833"/>
        <Baseline points="163,1833 655,1849 1385,1830"/>
        <TextEquiv conf="0.9628581397044353">
          <Unicode>stoit enclos otourse de mairescllrolanr</Unicode>
        </TextEquiv>
      </TextLine>

      
      
      <TextLine id="eSc_line_859e3fed" custom="structure {type:default;}">
        <Coords points="1580,1872 1580,1860 1401,1851 1398,1851 1357,1860 1325,1867 1313,1860 1295,1851 1293,1851 1290,1851 1231,1860 1214,1862 1187,1860 1065,1851 1063,1851 1060,1851 1058,1851 1058,1853 1046,1862 1040,1869 915,1869 892,1862 842,1851 839,1851 837,1851 809,1862 798,1867 738,1862 612,1853 609,1853 549,1865 531,1867 522,1865 485,1851 483,1851 480,1851 478,1851 453,1865 446,1867 427,1865 370,1856 368,1856 312,1865 299,1867 287,1865 223,1851 220,1851 218,1851 216,1851 200,1865 200,1867 151,1867 151,1904 151,1925 232,1943 234,1943 236,1943 239,1943 264,1925 266,1925 283,1925 423,1938 425,1938 427,1938 471,1927 497,1943 499,1943 501,1943 503,1943 559,1931 582,1943 584,1943 586,1945 842,1945 842,1943 977,1925 982,1925 984,1925 1037,1943 1040,1943 1042,1943 1044,1943 1046,1943 1046,1941 1065,1925 1067,1925 1180,1938 1182,1938 1265,1925 1267,1925 1270,1925 1419,1943 1421,1943 1424,1943 1426,1943 1426,1941 1447,1925 1583,1925 1585,1892 1583,1890 1580,1872"/>
        <Baseline points="151,1904 784,1915 1387,1906 1585,1892"/>
        <TextEquiv conf="0.9851037606596946">
          <Unicode>etgnea che dist morant Ila ens un gaiant</Unicode>
        </TextEquiv>
      </TextLine>

      
      
      <TextLine id="eSc_line_032caf17" custom="structure {type:default;}">
        <Coords points="147,1968 144,1989 370,1987 379,1991 393,2000 395,2000 398,2000 400,2000 402,2000 437,1991 455,1987 473,1991 520,2000 522,2000 628,1989 664,1987 671,1989 692,2000 694,2000 697,2003 872,2003 872,2000 874,2000 876,2000 892,1989 904,2000 906,2000 908,2000 911,2003 1141,2003 1141,2000 1143,2000 1191,1987 1196,1987 1210,1987 1378,1998 1380,1998 1451,1984 1454,1966 1449,1934 1320,1934 1318,1931 1304,1918 1304,1915 1302,1915 1300,1915 1297,1915 1295,1915 1293,1915 1274,1929 1272,1931 1270,1929 1231,1915 1228,1915 1226,1915 1224,1915 1194,1929 1180,1915 1178,1915 1175,1915 1051,1915 1049,1915 1046,1915 1044,1915 1044,1918 1033,1927 1028,1931 1017,1927 991,1918 989,1918 987,1918 984,1918 982,1918 971,1927 961,1931 943,1925 924,1920 922,1920 920,1920 918,1920 906,1925 890,1934 593,1934 561,1920 559,1920 556,1920 554,1920 547,1920 473,1931 430,1918 418,1915 416,1915 414,1915 391,1918 319,1927 269,1915 262,1915 260,1915 257,1915 255,1915 236,1929 223,1915 220,1915 218,1915 147,1915 147,1968"/>
        <Baseline points="147,1968 888,1977 1454,1966"/>
        <TextEquiv conf="0.9820982979403602">
          <Unicode>tui ue teuoit s moy mee. uout creant</Unicode>
        </TextEquiv>
      </TextLine>

      
      
      <TextLine id="eSc_line_a24de5eb" custom="structure {type:default;}">
        <Coords points="1799,1867 1794,1865 1753,1860 1751,1860 1684,1876 1677,1876 1672,1876 1638,1865 1635,1865 1633,1865 1631,1865 1592,1876 1594,1931 1596,2000 1677,2000 1684,2003 1709,2019 1711,2019 1714,2019 1716,2019 1824,2005 1824,1925 1820,1874 1799,1867"/>
        <Baseline points="1594,1931 1824,1925"/>
        <TextEquiv conf="0.8355099856853485">
          <Unicode>M ueay</Unicode>
        </TextEquiv>
      </TextLine>

      
      
      <TextLine id="eSc_line_516e41bf" custom="structure {type:default;}">
        <Coords points="1219,1973 1217,1973 1214,1973 1214,1975 1205,1982 1194,1991 975,1991 954,1980 950,1977 945,1977 934,1977 931,1980 913,1994 750,1994 694,1977 685,1975 669,1975 646,1975 618,1977 510,1984 469,1975 460,1973 457,1973 455,1973 453,1973 448,1975 416,1989 342,1973 333,1973 331,1973 329,1973 326,1973 299,1991 230,1991 167,1973 165,2023 165,2049 241,2063 243,2063 246,2063 285,2049 287,2049 289,2049 310,2065 312,2065 315,2065 317,2065 319,2065 361,2049 365,2049 375,2049 450,2060 453,2060 676,2051 708,2065 710,2065 713,2067 1046,2067 1046,2065 1049,2065 1088,2049 1090,2049 1175,2065 1178,2065 1180,2065 1219,2049 1249,2065 1251,2065 1254,2067 1346,2067 1346,2065 1412,2051 1465,2065 1468,2065 1470,2065 1608,2046 1610,2026 1606,1987 1449,1973 1447,1973 1445,1973 1442,1973 1442,1975 1431,1984 1421,1994 1382,1994 1306,1982 1221,1973 1219,1973"/>
        <Baseline points="165,2023 747,2035 1610,2026"/>
        <TextEquiv conf="0.9913106880536894">
          <Unicode>tue ie me douole moult ia ne liray celant</Unicode>
        </TextEquiv>
      </TextLine>

      
      
      <TextLine id="eSc_line_dbd55330" custom="structure {type:default;}">
        <Coords points="149,2083 147,2113 285,2106 345,2116 363,2118 365,2118 368,2118 377,2116 402,2106 427,2116 434,2118 437,2118 439,2118 531,2116 678,2109 717,2113 768,2120 770,2120 773,2120 775,2120 784,2113 786,2111 789,2113 796,2118 796,2120 798,2120 800,2120 803,2120 1060,2111 1111,2111 1113,2111 1138,2122 1141,2122 1143,2122 1145,2122 1184,2111 1189,2111 1426,2111 1428,2090 1426,2053 1171,2044 1168,2044 1166,2044 1155,2049 1138,2056 1118,2049 1104,2042 1102,2042 1099,2042 1097,2042 1095,2042 1088,2046 1076,2058 1003,2058 931,2044 890,2040 888,2040 837,2044 731,2053 683,2042 674,2040 671,2040 669,2040 667,2040 662,2042 639,2053 598,2040 593,2040 591,2040 414,2037 411,2037 409,2037 407,2037 388,2053 248,2053 227,2037 225,2037 223,2037 149,2035 149,2083"/>
        <Baseline points="149,2083 1428,2090"/>
        <TextEquiv conf="0.9645276336293471">
          <Unicode>liu ne le Resne ie du gout a uo ꝯmiant</Unicode>
        </TextEquiv>
      </TextLine>

      
      
      <TextLine id="eSc_line_422c90a7" custom="structure {type:default;}">
        <Coords points="158,2145 158,2173 326,2180 329,2180 331,2180 349,2175 381,2166 421,2175 437,2178 439,2178 441,2178 448,2175 467,2166 487,2175 499,2180 501,2180 503,2180 506,2180 508,2180 508,2178 513,2175 522,2166 568,2166 595,2175 609,2180 612,2180 614,2180 616,2180 628,2175 644,2168 655,2175 660,2180 662,2180 664,2180 667,2182 775,2182 775,2180 777,2180 780,2180 784,2175 800,2168 809,2175 812,2178 812,2180 814,2180 816,2180 819,2180 844,2175 888,2168 899,2178 901,2180 904,2180 906,2180 908,2182 1076,2182 1076,2180 1157,2178 1470,2164 1525,2178 1532,2139 1527,2102 1415,2093 1412,2093 1410,2093 1408,2093 1398,2099 1392,2106 1385,2099 1375,2093 1373,2093 1371,2093 1369,2093 1366,2093 1350,2099 1339,2104 1311,2099 1279,2095 1277,2095 1274,2095 1272,2095 1265,2099 1251,2109 1106,2109 1095,2099 1090,2095 1088,2095 1086,2095 1083,2095 1033,2097 901,2109 867,2097 865,2097 862,2097 860,2097 846,2097 697,2109 681,2097 681,2095 678,2095 676,2095 561,2095 559,2095 547,2095 476,2109 416,2095 411,2095 409,2095 407,2095 404,2095 375,2109 342,2095 340,2095 338,2095 331,2095 236,2106 156,2095 158,2145"/>
        <Baseline points="158,2145 961,2152 1532,2139"/>
        <TextEquiv conf="0.9834763949567621">
          <Unicode>ar Il a le suer fier fel orguilleus et drant</Unicode>
        </TextEquiv>
      </TextLine>

      
      
      <TextLine id="eSc_line_832a4132" custom="structure {type:default;}">
        <Coords points="296,2217 296,2242 418,2237 427,2242 455,2254 457,2254 460,2254 462,2254 508,2240 526,2235 552,2240 618,2251 621,2251 717,2237 745,2233 754,2235 784,2249 786,2249 789,2249 791,2249 819,2237 915,2247 918,2247 920,2247 950,2233 957,2231 964,2233 1000,2244 1003,2244 1005,2244 1007,2244 1046,2231 1056,2228 1065,2231 1102,2244 1104,2244 1106,2247 1244,2247 1244,2244 1247,2244 1297,2228 1311,2242 1313,2242 1316,2242 1318,2244 1382,2244 1382,2242 1385,2242 1387,2242 1387,2240 1398,2228 1428,2242 1431,2242 1433,2242 1435,2242 1465,2226 1557,2235 1560,2235 1615,2221 1615,2194 1612,2159 1596,2150 1594,2150 1592,2150 1589,2150 1587,2150 1585,2150 1585,2152 1573,2162 1571,2164 1548,2162 1493,2157 1491,2157 1449,2162 1385,2171 1357,2162 1327,2152 1325,2152 1323,2152 1320,2152 1318,2152 1306,2162 1295,2173 1067,2173 1051,2164 1044,2157 1042,2157 1040,2157 989,2157 987,2157 984,2157 964,2164 922,2175 881,2164 878,2164 876,2164 874,2164 872,2164 853,2180 770,2180 701,2164 694,2164 692,2164 690,2164 687,2164 653,2180 602,2164 591,2162 589,2162 586,2162 294,2164 296,2217"/>
        <Baseline points="296,2217 1127,2217 1615,2194"/>
        <TextEquiv conf="0.9842583917909198">
          <Unicode>est bien pburueus nõ un an chyauant</Unicode>
        </TextEquiv>
      </TextLine>

      
      
      <TextLine id="eSc_line_8b0860de" custom="structure {type:default;}">
        <Coords points="181,2270 179,2297 338,2304 340,2304 377,2297 402,2293 407,2297 416,2304 416,2306 418,2306 421,2306 423,2309 473,2309 473,2306 476,2306 478,2306 492,2297 503,2293 639,2293 681,2297 768,2306 770,2306 773,2306 807,2295 819,2293 826,2295 851,2309 853,2309 855,2311 1019,2311 1019,2309 1021,2309 1065,2295 1069,2295 1072,2295 1127,2309 1129,2309 1132,2309 1134,2309 1136,2309 1159,2295 1161,2295 1217,2306 1219,2306 1221,2306 1260,2295 1281,2309 1283,2309 1286,2309 1288,2311 1451,2311 1451,2309 1454,2309 1507,2293 1509,2274 1504,2242 1316,2242 1311,2240 1260,2226 1258,2226 1256,2226 1187,2240 1178,2240 1171,2237 1125,2226 1122,2226 1120,2226 1118,2226 1115,2226 1097,2237 1090,2242 888,2242 872,2237 823,2224 821,2224 630,2224 628,2224 625,2224 623,2224 609,2235 607,2237 591,2235 533,2224 531,2224 529,2224 499,2233 485,2240 441,2240 437,2233 427,2226 427,2224 425,2224 423,2224 421,2224 181,2231 181,2270"/>
        <Baseline points="181,2270 839,2281 1509,2274"/>
        <TextEquiv conf="0.9776680527663812">
          <Unicode>e trossonte uitaille scachies e ensterant</Unicode>
        </TextEquiv>
      </TextLine>

      
      
      <TextLine id="eSc_line_87a6b254" custom="structure {type:default;}">
        <Coords points="246,2332 243,2362 347,2355 379,2364 395,2369 398,2369 400,2369 402,2369 411,2364 430,2355 444,2364 455,2369 457,2369 460,2371 538,2371 538,2369 540,2369 554,2362 572,2355 701,2355 715,2362 727,2369 729,2369 731,2369 734,2369 736,2369 738,2369 745,2362 752,2355 759,2362 770,2369 773,2369 775,2369 777,2369 830,2359 853,2357 860,2359 881,2371 883,2371 885,2371 968,2359 971,2359 975,2359 1051,2371 1053,2371 1056,2371 1086,2357 1088,2357 1102,2371 1104,2371 1106,2371 1109,2373 1297,2373 1297,2371 1300,2371 1302,2371 1323,2357 1392,2369 1394,2369 1396,2369 1426,2355 1428,2336 1428,2297 1410,2286 1408,2286 1405,2286 1403,2286 1401,2286 1364,2297 1325,2286 1323,2286 1320,2286 1152,2297 1125,2297 1118,2295 1083,2286 1081,2286 1079,2286 1076,2286 1074,2286 1074,2288 1065,2295 1063,2300 885,2300 867,2293 835,2283 832,2283 830,2283 780,2293 757,2295 734,2290 694,2283 549,2283 547,2283 545,2283 543,2283 543,2286 538,2288 531,2295 246,2286 246,2332"/>
        <Baseline points="246,2332 1428,2336"/>
        <TextEquiv conf="0.9883553313486504">
          <Unicode>celle parole est uonus ay ser gan</Unicode>
        </TextEquiv>
      </TextLine>

      
      
      <TextLine id="eSc_line_03f85369" custom="structure {type:default;}">
        <Coords points="641,2334 639,2334 637,2334 616,2334 404,2352 354,2334 338,2334 331,2334 264,2350 177,2329 177,2385 174,2405 404,2426 407,2426 409,2426 439,2412 467,2412 526,2412 536,2412 676,2431 678,2431 814,2421 1003,2435 1005,2435 1076,2421 1086,2419 1099,2421 1173,2438 1175,2438 1240,2424 1274,2440 1277,2440 1279,2440 1341,2426 1348,2424 1355,2426 1412,2442 1415,2442 1417,2442 1419,2442 1468,2426 1470,2426 1493,2444 1495,2444 1497,2444 1500,2444 1502,2444 1504,2444 1504,2442 1523,2428 1631,2428 1635,2401 1633,2350 1336,2346 1334,2346 1332,2346 1244,2366 1217,2346 1214,2346 1212,2346 1210,2346 1208,2346 1205,2346 1180,2364 1134,2348 1132,2348 1129,2348 1127,2348 1086,2364 1007,2364 982,2341 980,2341 977,2341 975,2341 973,2341 938,2355 800,2341 798,2341 796,2341 793,2341 770,2359 681,2359 644,2334 641,2334"/>
        <Baseline points="177,2385 1228,2408 1635,2401"/>
        <TextEquiv conf="0.9325674858532453">
          <Unicode>in portor le mossaig de quoy I fu dola</Unicode>
        </TextEquiv>
      </TextLine>

      
      
      <TextLine id="eSc_line_18de6ca5" custom="structure {type:default;}">
        <Coords points="140,2447 138,2467 216,2484 218,2484 710,2477 715,2477 736,2490 738,2490 740,2490 743,2490 989,2481 1017,2493 1019,2493 1267,2497 1270,2497 1617,2486 1619,2458 1615,2415 1447,2428 1405,2415 1403,2415 1401,2415 1398,2415 1369,2428 1352,2415 1352,2412 1350,2412 1348,2412 1346,2412 1336,2415 1281,2426 1256,2415 1249,2410 1247,2410 1244,2410 1242,2410 1228,2415 1180,2426 1033,2415 1030,2415 1028,2415 1026,2415 874,2421 862,2415 853,2405 851,2405 849,2405 805,2405 803,2405 800,2405 798,2405 798,2408 791,2415 782,2421 704,2415 660,2410 658,2410 618,2415 568,2419 561,2415 549,2403 549,2401 547,2401 545,2401 543,2401 540,2401 508,2415 499,2417 485,2415 437,2401 434,2401 432,2401 262,2415 241,2415 239,2415 218,2396 216,2396 213,2396 156,2396 154,2396 151,2396 149,2396 149,2398 140,2408 140,2447"/>
        <Baseline points="140,2447 1129,2467 1619,2458"/>
        <TextEquiv conf="0.9930913632824308">
          <Unicode>e auoit leul cremt le nee frenchiet deuant</Unicode>
        </TextEquiv>
      </TextLine>

      
      
      <TextLine id="eSc_line_c911c064" custom="structure {type:default;}">
        <Coords points="1440,2463 1424,2465 1346,2484 968,2484 913,2472 878,2465 876,2465 830,2472 784,2479 747,2472 683,2461 681,2461 473,2477 453,2477 444,2477 331,2461 329,2461 211,2474 181,2461 179,2461 177,2461 96,2479 96,2518 96,2548 161,2536 262,2548 264,2548 266,2548 269,2548 285,2536 310,2548 312,2548 315,2548 398,2536 414,2548 421,2555 423,2555 425,2555 427,2555 462,2548 524,2536 566,2548 570,2550 572,2550 575,2550 577,2550 582,2548 609,2536 692,2548 706,2550 708,2550 710,2550 715,2548 729,2541 736,2548 745,2555 745,2557 747,2557 750,2557 752,2557 754,2557 782,2548 793,2546 800,2548 816,2557 819,2557 821,2559 1157,2559 1157,2557 1159,2557 1161,2557 1171,2548 1180,2541 1214,2548 1242,2555 1244,2555 1247,2555 1258,2548 1277,2539 1304,2548 1327,2557 1329,2557 1332,2557 1560,2553 1562,2553 1571,2548 1599,2539 1723,2548 1728,2523 1723,2463 1635,2463 1633,2463 1631,2463 1596,2479 1468,2465 1442,2463 1440,2463"/>
        <Baseline points="96,2518 375,2513 906,2527 1728,2523"/>
        <TextEquiv conf="0.996544136887505">
          <Unicode>auoit cope le braih de quoy se uaplaignãt</Unicode>
        </TextEquiv>
      </TextLine>

      
      
      <TextLine id="eSc_line_baa81a4f" custom="structure {type:default;}">
        <Coords points="260,2576 257,2601 329,2617 331,2617 333,2617 363,2603 473,2615 476,2615 478,2615 506,2605 520,2617 522,2617 524,2617 526,2617 529,2617 579,2603 586,2601 593,2603 630,2619 632,2619 635,2619 637,2619 639,2619 658,2603 699,2619 701,2619 704,2619 989,2605 1040,2622 1042,2622 1044,2624 1235,2624 1235,2622 1237,2622 1288,2605 1290,2605 1293,2605 1401,2624 1403,2624 1792,2605 1794,2573 1790,2534 1652,2534 1649,2534 1647,2534 1606,2550 1557,2534 1555,2534 1553,2534 1550,2534 1543,2534 1497,2546 1463,2536 1458,2534 1456,2534 1454,2534 1451,2534 1447,2536 1421,2550 1366,2539 1364,2539 1247,2548 1231,2536 1226,2534 1224,2534 1221,2534 1219,2534 1217,2534 1214,2534 1214,2536 1212,2536 1201,2548 1134,2539 1115,2536 1113,2536 1086,2539 996,2548 984,2539 973,2530 971,2530 968,2530 966,2530 878,2541 830,2546 798,2541 736,2530 734,2530 593,2541 559,2527 556,2527 554,2527 552,2527 503,2543 499,2543 494,2543 441,2530 439,2530 437,2530 434,2530 432,2530 411,2543 409,2546 329,2546 329,2543 315,2532 312,2532 310,2532 308,2532 306,2532 260,2543 260,2576"/>
        <Baseline points="260,2576 947,2592 1491,2589 1794,2573"/>
        <TextEquiv conf="0.9854440603937421">
          <Unicode>qrant le roy le uoit moult se ia estuaient</Unicode>
        </TextEquiv>
      </TextLine>

      
      
      <TextLine id="eSc_line_9c9c3ee8" custom="structure {type:default;}">
        <Coords points="167,2658 1511,2681 1516,2656 1514,2608 1454,2617 1341,2605 1339,2605 1336,2605 1304,2619 1240,2603 1237,2603 1235,2603 1233,2603 1180,2617 1125,2601 1122,2601 1120,2601 1118,2601 1079,2612 1019,2599 1017,2599 1014,2599 1012,2599 968,2612 957,2599 954,2599 954,2596 952,2596 950,2596 947,2596 945,2596 943,2596 918,2610 727,2610 667,2592 664,2592 662,2592 660,2592 658,2592 655,2592 612,2605 448,2587 430,2587 427,2587 425,2587 423,2587 386,2599 193,2599 174,2582 170,2633 167,2658"/>
        <Baseline points="170,2633 1044,2656 1516,2656"/>
        <TextEquiv conf="0.9765729759190533">
          <Unicode>in iacer ia ensyare ne le no uacelant</Unicode>
        </TextEquiv>
      </TextLine>

      
      
      <TextLine id="eSc_line_d95f9b93" custom="structure {type:default;}">
        <Coords points="262,2691 260,2711 345,2711 347,2711 393,2727 395,2727 398,2727 400,2727 402,2727 421,2714 520,2732 522,2732 524,2732 526,2732 547,2716 692,2734 694,2734 828,2732 830,2732 832,2732 849,2720 934,2737 936,2737 938,2737 973,2723 1033,2739 1035,2739 1037,2739 1203,2723 1242,2741 1244,2741 1468,2743 1470,2743 1472,2743 1509,2732 1557,2746 1560,2746 1562,2746 1725,2727 1728,2709 1723,2663 1580,2672 1557,2661 1555,2661 1553,2661 1548,2661 1221,2668 262,2645 262,2691"/>
        <Baseline points="262,2691 1033,2711 1728,2709"/>
        <TextEquiv conf="0.9891326137078114">
          <Unicode>mie che dist morans ai le freche soubur</Unicode>
        </TextEquiv>
      </TextLine>

      
      
      <TextLine id="eSc_line_a426d134" custom="structure {type:default;}">
        <Coords points="1083,2711 1081,2711 1079,2711 1074,2711 989,2727 911,2716 908,2716 906,2716 904,2716 888,2727 872,2716 869,2716 867,2716 865,2716 630,2723 566,2704 563,2704 561,2704 559,2704 522,2716 450,2702 437,2700 434,2700 432,2700 427,2702 407,2711 260,2700 260,2748 257,2780 333,2771 370,2785 372,2785 375,2785 377,2785 386,2785 492,2773 595,2787 623,2789 625,2789 648,2787 717,2778 738,2787 747,2792 750,2792 752,2792 782,2789 844,2780 860,2789 867,2794 869,2794 872,2794 1028,2796 1030,2796 1033,2796 1046,2792 1063,2785 1079,2792 1092,2796 1095,2796 1097,2796 1263,2794 1350,2792 1355,2794 1369,2803 1371,2803 1373,2803 1375,2803 1741,2796 1744,2769 1739,2723 1573,2720 1571,2720 1569,2720 1495,2739 1343,2725 1341,2725 1258,2734 1205,2714 1203,2714 1201,2714 1198,2714 1125,2730 1086,2711 1083,2711"/>
        <Baseline points="260,2748 1231,2773 1744,2769"/>
        <TextEquiv conf="0.9283392388712276">
          <Unicode>Qui ta aiisy are moult seuffre grant doloier</Unicode>
        </TextEquiv>
      </TextLine>

      
      
      <TextLine id="eSc_line_8df140d6" custom="structure {type:default;}">
        <Coords points="1256,2773 1233,2773 1210,2773 1187,2773 1166,2773 1152,2785 1148,2789 1106,2789 1102,2785 1090,2773 1090,2771 1088,2771 1086,2771 1083,2771 1081,2771 1042,2783 1028,2789 973,2789 968,2783 961,2773 959,2773 959,2771 957,2771 954,2771 952,2771 895,2783 876,2785 872,2783 855,2769 853,2769 851,2769 849,2769 846,2769 844,2769 826,2780 821,2785 800,2780 743,2769 740,2769 687,2780 662,2785 635,2778 577,2766 503,2766 501,2766 499,2766 497,2766 497,2769 485,2778 480,2783 471,2778 448,2766 446,2766 444,2766 441,2766 409,2776 404,2778 400,2776 381,2766 379,2766 377,2766 375,2766 349,2776 338,2780 220,2776 220,2824 218,2854 400,2847 434,2856 441,2858 444,2858 446,2858 448,2858 457,2856 499,2847 556,2856 589,2861 591,2863 826,2863 826,2861 872,2856 915,2849 924,2856 929,2861 931,2861 934,2861 936,2861 987,2854 1017,2852 1042,2854 1099,2863 1102,2863 1104,2863 1125,2854 1134,2852 1143,2854 1171,2863 1173,2863 1175,2863 1254,2854 1281,2852 1286,2854 1304,2863 1306,2863 1309,2863 1359,2854 1364,2854 1373,2854 1530,2865 1532,2865 1695,2852 1698,2833 1695,2792 1474,2792 1470,2787 1458,2778 1456,2778 1454,2778 1451,2778 1396,2787 1380,2789 1375,2787 1359,2776 1357,2776 1355,2776 1352,2776 1293,2787 1283,2787 1281,2787 1263,2773 1256,2773"/>
        <Baseline points="220,2824 1698,2833"/>
        <TextEquiv conf="0.9886183064234885">
          <Unicode>es dost ly ifaiges ly qmant de la tour</Unicode>
        </TextEquiv>
      </TextLine>

      
      
      <TextLine id="eSc_line_e7ef0699" custom="structure {type:default;}">
        <Coords points="133,2875 131,2888 370,2914 375,2884 375,2845 133,2835 133,2875"/>
        <Baseline points="133,2875 375,2884"/>
        <TextEquiv conf="0.9955191850662232">
          <Unicode>na ou</Unicode>
        </TextEquiv>
      </TextLine>

      
      
      <TextLine id="eSc_line_24be1a56" custom="structure {type:default;}">
        <Coords points="241,2934 239,2955 345,2953 347,2937 342,2888 241,2891 241,2934"/>
        <Baseline points="241,2934 347,2937"/>
        <TextEquiv conf="0.9077571332454681">
          <Unicode>01</Unicode>
        </TextEquiv>
      </TextLine>

      
      
      <TextLine id="eSc_line_dd3b44c8" custom="structure {type:default;}">
        <Coords points="563,2895 549,2976 563,2983 579,2898 582,2847 568,2847 563,2895"/>
        <Baseline points="563,2895 579,2898"/>
        <TextEquiv conf="0.98639315366745">
          <Unicode>;</Unicode>
        </TextEquiv>
      </TextLine>

      
      
      <TextLine id="eSc_line_d6063c1b" custom="structure {type:default;}">
        <Coords points="628,2898 628,2914 646,2927 648,2927 651,2927 653,2930 809,2930 809,2927 812,2927 855,2914 862,2914 876,2914 966,2927 968,2927 971,2927 973,2927 989,2916 998,2911 1208,2911 1217,2921 1224,2925 1224,2927 1226,2927 1228,2927 1231,2930 1286,2930 1286,2927 1378,2925 1380,2925 1387,2923 1412,2909 1520,2925 1534,2925 1537,2925 1539,2925 1541,2925 1585,2909 1629,2925 1635,2893 1631,2847 1426,2849 1415,2847 1357,2835 1355,2835 1352,2835 1327,2849 1320,2852 1295,2849 1205,2838 1203,2838 1060,2852 1046,2852 1042,2852 1000,2838 998,2838 996,2838 994,2838 957,2852 895,2838 892,2838 890,2838 888,2838 869,2854 807,2854 729,2838 727,2838 625,2854 628,2898"/>
        <Baseline points="628,2898 1086,2888 1635,2893"/>
        <TextEquiv conf="0.9826116311934686">
          <Unicode>de uouier mnia en sy fait acois</Unicode>
        </TextEquiv>
      </TextLine>

      
      
      <TextLine id="eSc_line_d3a93c3d" custom="structure {type:default;}">
        <Coords points="1382,2960 1371,2960 1329,2978 1129,2978 1076,2955 1074,2955 1072,2955 1069,2955 1067,2955 1030,2978 989,2978 959,2957 945,2957 931,2957 904,2969 888,2957 876,2960 869,2960 816,2973 793,2964 791,2964 789,2964 786,2964 784,2964 770,2978 591,2978 554,2960 552,2960 549,2960 547,2960 520,2973 487,2953 485,2953 483,2953 480,2953 478,2953 409,2973 356,2953 354,2953 165,2953 165,2999 165,3026 384,3026 446,3047 448,3047 450,3047 453,3047 480,3033 575,3047 577,3047 971,3045 973,3045 975,3045 975,3042 991,3029 1017,3047 1019,3047 1021,3047 1023,3047 1106,3045 1109,3045 1111,3045 1125,3033 1143,3047 1145,3047 1148,3047 1150,3049 1231,3049 1231,3047 1233,3047 1235,3047 1258,3029 1316,3038 1318,3038 1320,3038 1357,3026 1583,3026 1585,3008 1580,2953 1509,2953 1507,2953 1504,2953 1433,2976 1389,2960 1382,2960"/>
        <Baseline points="165,2999 720,3022 1585,3008"/>
        <TextEquiv conf="0.9858680415797878">
          <Unicode>Et du roy denglitede heury le sinate̾</Unicode>
        </TextEquiv>
      </TextLine>

      
      
      <TextLine id="eSc_line_3724fdde" custom="structure {type:default;}">
        <Coords points="674,2962 674,2989 805,2992 807,2992 821,2989 881,2976 895,2987 897,2987 899,2987 901,2987 904,2987 945,2973 1000,2973 1017,2989 1019,2989 1019,2992 1021,2992 1023,2992 1026,2992 1028,2992 1040,2989 1086,2973 1180,2973 1196,2987 1198,2989 1198,2992 1201,2992 1203,2992 1205,2992 1258,2987 1380,2976 1401,2987 1408,2989 1410,2989 1412,2989 1481,2985 1484,2960 1481,2923 1348,2923 1332,2907 1332,2904 1329,2904 1327,2904 1325,2904 1323,2904 1274,2918 1263,2907 1260,2907 1258,2907 1256,2907 1194,2918 1178,2907 1175,2907 1173,2907 1023,2907 1021,2907 1019,2907 982,2921 881,2907 878,2907 876,2907 874,2907 855,2923 789,2909 786,2909 784,2909 782,2909 757,2925 671,2925 674,2962"/>
        <Baseline points="674,2962 1095,2953 1484,2960"/>
        <TextEquiv conf="0.987330002444131">
          <Unicode>dieu le pere criatour</Unicode>
        </TextEquiv>
      </TextLine>

      
      
      <TextLine id="eSc_line_235ddcb2" custom="structure {type:default;}">
        <Coords points="188,3081 236,3091 239,3091 241,3091 243,3091 255,3084 260,3079 264,3084 273,3091 276,3091 278,3091 280,3091 322,3084 354,3079 368,3086 395,3098 398,3098 483,3102 485,3102 487,3102 543,3088 579,3104 582,3104 584,3104 586,3104 623,3088 630,3086 632,3088 653,3107 655,3107 658,3107 660,3107 662,3107 699,3098 844,3111 846,3111 987,3093 989,3079 989,3042 278,3012 276,3012 266,3012 213,3022 195,3010 190,3058 188,3081"/>
        <Baseline points="190,3058 989,3079"/>
        <TextEquiv conf="0.9489149010699728">
          <Unicode>t et aiuthoit le grouit</Unicode>
        </TextEquiv>
      </TextLine>

      
      
      <TextLine id="eSc_line_033f1bd4" custom="structure {type:default;}">
        <Coords points="1585,3008 1566,3008 1557,3017 1332,3022 1336,3065 1336,3095 1635,3070 1635,3052 1631,3015 1585,3003 1585,3008"/>
        <Baseline points="1336,3065 1635,3052"/>
        <TextEquiv conf="0.9947300619549222">
          <Unicode>emporeomz</Unicode>
        </TextEquiv>
      </TextLine>

      
      
      <TextLine id="eSc_line_d596aa08" custom="structure {type:default;}">
        <Coords points="1419,3061 1380,3084 1350,3081 1334,3063 1325,3056 1325,3054 1323,3054 1320,3054 1118,3054 1115,3054 1113,3054 1111,3054 1111,3056 1097,3068 1074,3091 1017,3091 980,3072 980,3079 957,3079 938,3079 924,3086 699,3079 697,3079 694,3079 669,3091 655,3077 648,3072 635,3072 621,3070 609,3079 586,3093 471,3093 434,3084 377,3070 375,3070 292,3086 276,3088 269,3086 223,3065 220,3065 218,3065 216,3065 174,3086 174,3121 172,3153 227,3144 317,3155 331,3155 333,3155 335,3155 338,3155 358,3141 464,3153 476,3153 478,3153 480,3153 483,3153 503,3141 515,3153 517,3155 520,3155 522,3155 524,3155 556,3150 612,3144 621,3150 625,3155 628,3155 630,3155 632,3155 635,3155 653,3150 678,3144 777,3148 890,3155 892,3155 895,3155 913,3148 929,3141 941,3146 961,3155 964,3155 966,3155 1053,3146 1079,3144 1095,3146 1164,3155 1166,3155 1168,3155 1210,3144 1224,3141 1525,3141 1527,3116 1520,3061 1449,3075 1435,3063 1435,3061 1419,3061"/>
        <Baseline points="174,3121 1090,3127 1527,3116"/>
        <TextEquiv conf="0.9379808690987135">
          <Unicode>ya puret mahoni᷑ que sa prue̾s amilto᷑</Unicode>
        </TextEquiv>
      </TextLine>

      
      
      <TextLine id="eSc_line_19ac27a2" custom="structure {type:default;}">
        <Coords points="1088,3127 1086,3127 1083,3127 1081,3127 1079,3127 1051,3141 961,3130 945,3127 943,3127 929,3130 860,3141 692,3130 669,3130 667,3130 664,3130 662,3130 637,3141 628,3130 625,3130 625,3127 623,3127 621,3127 618,3127 616,3127 602,3130 566,3141 531,3132 517,3127 515,3127 347,3127 345,3127 342,3127 340,3127 335,3132 322,3141 190,3134 193,3180 193,3210 427,3201 473,3217 490,3222 492,3222 494,3222 497,3222 506,3217 508,3215 508,3217 538,3245 538,3247 540,3247 543,3247 545,3247 547,3247 623,3219 674,3201 757,3201 791,3222 830,3247 832,3247 835,3247 837,3247 994,3242 996,3242 998,3242 998,3240 1014,3226 1042,3201 1127,3217 1141,3229 1164,3247 1166,3247 1168,3247 1171,3247 1357,3231 1357,3178 1350,3127 1157,3144 1104,3144 1090,3130 1090,3127 1088,3127"/>
        <Baseline points="193,3180 1357,3178"/>
        <TextEquiv conf="0.9498184409833723">
          <Unicode>enir le uostre coqͥa Ia nenfera</Unicode>
        </TextEquiv>
      </TextLine>

      
    </TextRegion>
    
    <TextRegion id="eSc_textblock_384069d8"  custom="structure {type:text;}">
      <Coords points="85,2999 98,3008 89,3024 82,3024 85,2999"/>
      
    </TextRegion>
    
    <TextRegion id="eSc_textblock_8503bb0f"  custom="structure {type:text;}">
      <Coords points="427,3394 457,3394 457,3410 423,3410 427,3394"/>
      
    </TextRegion>
    

    
  </Page>
</PcGts>
