3104 4140
1311 883 2984 1002 poire car telle mamere que se mis uo fait haire
1366 823 2772 938 ant quares uetrouue uograaeuse pire
1320 940 3002 1074 Ne guerre ne assault que pourt uous puist desplair
1311 1058 2908 1177 Que Ie uous sedouray uour uostre grant affaire
1415 1007 2742 1115 it cõtre mesereaus ou gent de puteafair
1300 1108 2857 1232 a tant de gent bia sire que ieporay estraire
1293 1173 2843 1290 Rue Ia uous ne paieres un demerde dbuarre
1286 1230 2574 1338 sant que Raler uores en uostre Repair
1318 1283 2979 1403 Lar uous maues gelsy pas ne uou uaustes tairr
1272 1350 3028 1478 fut uous uelies aler surle mont de eaulel caluacre
1290 1412 2666 1527 Conquerrele chite eo pais che sauia
1263 1460 3000 1584 par ne ueul ꝯsentar ne gas ne me dottplane
1288 1522 2986 1649 Exe les enfan menes poir sy grant paine faire
1277 1642 2756 1743 Prre roust dngle terre oyes que Ie deray
1366 1586 2786 1695 ha dit ly archeuesque qui tait ale cuer uray
1272 1683 2959 1803 Eet uous uous pois auchone l re uous celiray
1270 1747 2834 1856 Ouques iour de me uie tant persoimne namoy
1267 1798 2800 1913 eue Ie fay les erfans larsy bous Ie les scay
1260 1856 3007 1980 Conquee en iour du monde sy loiais ne arounay
1265 1908 2968 2028 Des dout que uicn martui⁊ quen non lydõnay
1300 1971 2710 2076 ay touspours en ame ne ia ne ly faioran
1270 2030 2655 2134 Sr le mes laissies chy et Ie uous ẜuiray
1254 2093 2846 2201 Ou que uous me mrordes auenques uoꝰ yrax
1260 2143 2724 2254 Et merayaueue moy tant de gñs que poray
1258 2214 2487 2309 issauebler ne auoir ⁊ se uous seruiran
1237 2277 2676 2380 Et quant en endlcterre en yres saits de lay
1279 2334 2820 2454 ie uoulay en conuent que Ie uous reaioieray
1281 2396 2588 2493 es enfans debõnair ⁊ se les nouriray
1235 2461 2837 2564 EEnse ment quee mon corps nepis ne leur feray
1249 2523 2574 2615 EEt dist le royheure ie my acorderay
1277 2580 2791 2686 ausement sacorderent que conte Iet uous ay
1237 2638 2862 2753 Dout dist le roy authoine cheluy au urac ueray
1251 2711 2797 2817 Mener auenques moy mon pais ly douray
1249 2766 2786 2884 eulies le moy laissier et lantre uous douray
1212 2826 2761 2948 pire che a dit brisse qui fu en grant estay
1258 2893 2468 2996 Ia sil pplest a Ihm̃ ⁊ asaint incalan
1256 2948 2777 3077 semien frere martin plain piet ie nelairay
1226 3019 2876 3132 Se che nest quant a londres ellgroit chire yray
1226 3086 2963 3229 Riaux fienx che dist heuris ense gnes uoite douray
