3104 4140
1242 965 2317 1067 Mpar deuant yaux Il samonstra
1256 1037 2004 1115 Cascun de mer le festia
1380 1104 2156 1166 ly ont dit tres chureanne
1270 1147 2225 1221 hious sõmer forment ameuris
1270 1200 2280 1269 Car celle ou ers nos recouurura
1270 1255 2241 1322 pounre a en grant de leur laissies
1357 1292 1389 1366 C
1463 1299 2015 1373 est du siecle trespa
1283 1350 2227 1430 Chy en drcat la uourenbieree
1272 1407 1990 1481 Qyo pooir et enseuelie
1265 1460 2284 1538 dist saina chumas ie ne cron mie
1267 1501 1553 1582 Ruen ces
1270 1554 2275 1626 Qqui sun sers de corper etrdrie
1580 1511 2236 1584 uiere soit la datne
1272 1609 2349 1690 Core dit sains perres syest uoirs
1279 1660 2068 1729 nĩ ln anous ano poeur
1281 1715 2284 1787 lauoue nouui mise uaiement
1290 1759 2176 1844 Ru celle bierc propement
1263 1810 2581 1920 Sist sauar chura chumasut le querbat
1256 1872 2238 1938 Sugques a tant que le ueruan
1350 1925 2284 1994 ame pol sy dist na aceizi
1419 1964 2443 2053 ons iours aues mous mal crens
1263 2019 2167 2116 Ainsy quant dieux Resussita
1272 2072 2162 2166 Et auous toul Il samonstra
1267 2132 2195 2217 fores ⁊ uous a man estres mie
1260 2180 2188 2274 Et ui estiel en aultre partu
1254 2244 2330 2332 Euant uoue e reueinst esariie
1258 2293 2176 2373 Et nous desimel en mamuere
1274 2341 2199 2419 Que nou l escinainer gõfoit
1258 2394 2195 2467 Et du tout encont asseur.
1263 2431 2105 2523 Que i hũ crist ueu amemes
1260 2484 2413 2569 Dout fpreuent s nous eslechiemen
1263 2534 2199 2617 ques de dont mesirenster uoniz
1392 2592 2098 2665 desistes par deuant toud̾
1332 2645 2271 2732 ne Ia nil pour ne le queriesz
1240 2668 1320 2773 E
1366 2704 2236 2776 deuant uous ne le ueiec
1247 2755 2275 2838 De quoy dieux auoues amonstra
1382 2806 2204 2881 sa plauer uo doit uanta
1251 2861 2231 2948 Et adont ce creusteir uous
1272 2930 2188 3010 aussy ne nous aces trestous
1263 2971 1468 3047 ure
1258 3024 2245 3118 Gait ychy a deus ceste biere
1523 2978 2248 3072 corpe̾ de le tusoriere
1249 3079 2312 3162 Qy est uour nou liz auons muz
1293 3144 1695 3215 ⁊ est uoir dis
1767 3130 2381 3222 Ie hiane et matquẽ
1260 3180 2613 3270 paerres et malienx le cesmoignoit
1254 3224 2489 3337 maul Il oist que Rieus nen quer uoit
