3104 4140
1500 701 1599 781 42
174 770 1622 878 ltant es uous le uielle que marguerite ot anon
177 850 1652 945 Qui reueuoit de doures pour scauoir le fachon
167 896 1419 982 Pon firoit de le lettre dout scet le nrailor
170 956 1394 1035 En le sale est entree ⁊ quant oy le ton
163 1007 1412 1090 Delaine qui plouroit adont ln uint a bon
167 1058 1534 1152 Elle est uinue au conte ⁊ dy dist sans tenclior
179 1117 1493 1212 Sire coutes dist elli pour diru uous enprion
177 1177 1663 1262 Rue fait heuris muus fuux dites men le fachon
188 1239 1507 1334 Est il mors un batalle ditement loccoi son
170 1297 1518 1396 siainl che dist ly contes foy que doy sumon
177 1368 1424 1453 res mauuaise nouuelles aporte ma on
303 1432 1686 1517 ame che dist ly ques euuers moy entendes
299 1492 1675 1582 sy rois heuris uo fieux qui tant est natures
161 1552 1813 1646 pous mande et nous cõmande par ses urees saieles
174 1621 1626 1704 Bue nous ardous clame ⁊ ses enfans dales
225 1685 1679 1773 coment que soit arse ou ie pers mes chites
163 1741 1700 1837 Dont fist samnblant la uielle que ses corps soit nres
167 1800 1518 1895 Elle uint allame se dist ne uous doubtes
167 1860 1382 1964 Lar sil plest aihũs i mal nyaueres
181 1931 1654 2021 Et Ie cõmande au conse que tant est redoubtes
161 2007 1560 2083 fuil ne uous faclir mal car che seroit pites
147 2058 1481 2145 Ee ly uo corps estoit ensement enbrases
140 2122 1599 2208 Dame che dist Glame ou grande est ly biantes
140 2185 1502 2272 hũcrist le uous mire que tant dit en aues
172 2237 1417 2362 e uielle uint au conte ⁊ dist or endendos
170 2320 1647 2435 le fectes mal me fille mes tresbien le gardes
172 2389 1831 2507 usqua tant quauke quaulde licrre ⁊ nouuelle ainree
184 2472 1520 2562 esposs que ly miens freux se sera rainses
138 2527 1491 2633 Dame che dist ly ceutes sadriurut ⟦arles
140 2608 1548 2702 Pout se tournalemeble dont uouroy aurs
144 2674 1465 2766 i doures a payra pour dieu or entendes
144 2734 1488 2831 uin bries auoit le dame escus et sair les
149 2796 1560 2891 restout saus le prenner qui en estoit portes
138 2858 1445 2944 hy premiers mesagiers estoit Ia Retourues
172 2909 1320 3003 et su par le rome tellement ententes
140 2978 1603 3109 Pon ly canga sen brief iar il estoit enyures
