3104 4140
1716 758 1746 850 7
402 860 1831 965 uait Il uit ue sepulre ou dieu fuauors et un
276 922 1751 1028 ams Ie nous se mist Puis fist uois sur son pis
379 991 395 1051 ¶
271 1025 1624 1120 paulsis mort sousfur pour nostre sauueer
612 988 1468 1069 doulz il neit qui en cestee
340 1085 1465 1173 ⁊ en che saint sepuse su tes aresusate
331 1140 1458 1219 en lies R õforter couce maparente
379 1170 1780 1278 scay uien que poir moy ont grant doleurmoie
349 1237 1596 1322 t la gentil puchelle que Iauoie espouse
326 1292 1599 1375 Ieullies gader de mal houte dame clauue
340 1340 1734 1428 t motroies oeuure faire dout maue soit sauure
335 1400 1601 1488 le uis fist sofrande puis se uault Ie artraie
326 1435 1859 1547 us quentes et mis gerbus uint au mout de calirure
329 1499 1497 1593 e prerle qui fendy uit lenfant abõnaio
280 1543 1725 1649 Puie uint au fleu Iourdain pour acõplir lifaire
333 1603 1470 1688 dar ii fait se uaigna alexis trestont mu
283 1678 306 1745 0
331 1644 1608 1757 pis pprist le sainte pãme et le uour doq agu
338 1695 1589 1810 on pelerm pammor sest doulchemẽt uestu
322 1757 1578 1865 uais deux pours et deux muis quẽ Il mfu
299 1807 1711 1922 Iusna ly bon sains honis cãquel nule doulchour
303 1867 1576 1980 nie mist deuons se uouche adieuatil amour
347 1936 1451 2019 ne ne dt formenoit de torriene hõnour
335 1980 1546 2076 ore de ih̾unt ihr̃lm le party antiers iour
285 2023 1596 2132 Csant chommalatfant que du tout adieusu
352 2076 1631 2187 uil uint a la saint hice tout le chemin batu
340 2143 1477 2240 y tresdoul Mũlist u presta tel uertu
301 2194 1488 2293 Ponques par lauemy ne post estre uaincre
352 2263 1150 2350 ⁊ quant sy saint preudõme
1343 2244 1638 2352 se Romna
352 2313 1274 2403 n osal la ecte tout droit sy son ala
280 2371 315 2449 3
331 2350 1566 2454 dout lauris din ymage que on ly enseigna
349 2417 1470 2509 ne langle gabriel che dist on ly qurea
356 2474 1495 2562 et le maige resamble a le uierge pecelle
358 2534 1580 2626 ne ly doulz Ihũiast noury de sa mamelle
352 2594 1550 2670 y tpũ lõme ale pit entendy le nouualle
347 2656 1481 2734 inques ne sarestr se uint a la capu lle
347 2700 1836 2792 ue loignel de che monde neqprisoit un frõmaise
354 2762 1606 2845 es quilper chut ly mrte de cuer le sa lua
276 2815 1845 2909 Qy uien ly eplenstile lomrme que ly sains lou epeusa
375 2872 1668 2955 ne iamais de la uille lil peust nppartra
333 2923 1596 3008 ore dõna tout louoir que de gõme emporta
338 2964 1769 3070 l non Retuit piens nee sans pdiu que la partie
349 3024 1334 3139 e lanul quil copa a lespie folu ui
