3104 4140
213 754 1369 894 onpanis ꝓfloeuiẽs fu richier ly seurs
243 827 1309 947 puissi dy saincy che dist lanctorites
324 862 1693 1002 st a saint Rchier dent uõue est le fretes
184 936 1695 1062 Tant fu rchurs Prendons que sains est appelles
193 995 1511 1115 me droite matere udeul estre Retourues
197 1053 1635 1175 ⁊ aiches rois heurit sest de uourdaux seneres
174 1113 1318 1237 Sles deuere poturo sestil achiemines
204 1168 1484 1297 Et puis manda acours qui est hõne chite
177 1230 1497 1361 Agentil archeniesque que martins fu clames
170 1299 1362 1416 Quil yroit a se court ⁊ i et ses barnes
552 1345 1449 1460 pouruir richement bes astee
497 1380 531 1455 1
358 1389 453 1472 si
172 1416 1359 1538 Dauames de feures de uins et de bles
207 1455 1543 1584 Ei con pairoit moult uien les osteles seues
232 1522 1491 1646 Eusy pariy la uille furent les lriebenes
181 1577 1442 1715 Gue ly rois dengleterre seroit la armes
285 1635 1456 1773 de constantinoble autlioines ln meubres
266 1688 1769 1826 uant elamne le sceut moult fu ses corps Nrambles
262 1759 1548 1890 y adit bassement ur̃ez dieu que fu penes
255 1800 1757 1945 emadent chy mes peres et mes hous espousea
292 1872 1739 2003 ar foy se mes corps sorps est cõgnens et ainsel
264 1927 1456 2060 e me garandiroit ly hombde x chites
266 1964 1746 2127 ui par dedens un feu ne faisse arse et brules
292 2046 1484 2187 ly bous rois heuris dengleterre seues
278 2109 1734 2258 eusse uous en moy deux uiauyx fienx engeures
262 2185 1474 2316 dus enuoiastes uous uoe escips saules
184 2180 225 2369 3
273 2258 1872 2373 ne mes corpa fust tamptost adeus ungsugetes
257 2325 1833 2438 nes le queni de clochestre me fist grant amistes
276 2380 1442 2488 ardy se mechain ou tant ot de biaulte
174 2435 1550 2557 le sauua mon corps dont il fist que seurs
273 2500 1412 2617 nsy disoit elame que uoillz ꝯyauel
193 2562 1753 2688 Ious les Iours aiournee sy uraxque dihxfunea
161 2617 1539 2755 gen aloit ale court ⁊⁊ martuis ly sencri
271 2670 1679 2810 eporrueeit sy bien de ulans pains buletes
200 2734 1691 2877 De gõne char salre de bous capons lardes
202 2815 1426 2944 Et bon .uiii oussy l donoit aplente
315 2858 1728 3006 tesse en a grant ioie qa ne uous en doubtes
190 2937 1596 3052 Lar de che con ly dõnt fu ses sorps courael
234 2992 1617 3148 sre sbien et acarenent ⁊ trestous by ostes
