3104 4140
1514 837 3025 947 nt dooit ou saint se pullle anos baroutme
1454 910 2926 1007 a fude nobles princhel baisies et aoures
1392 977 2936 1067 En quentes ⁊ angenous y est cascuns ales
1382 1032 2779 1120 Ouques ne tfu ueu Ie croy telles antes
1378 1076 2986 1177 Car no baron plouroient emuron de coꝰ les
1382 1133 3005 1244 Eauant il uoient le bieu ou dieu qui fu pence
1398 1196 3014 1306 fu conquiez toꝰ plaies ⁊ en Aulieux paures
1442 1255 3021 1370 uit furent ou saint lieu pres fu de auescs
1426 1322 3037 1437 Ly fors rois arderbourt leur a les claux moustrer
1493 1391 2843 1499 equoy Ihũcis fu ens en le trois clanes
1428 1453 2864 1570 estage leur moustra ou tant Ru uilounes
1463 1517 2611 1632 t ue sanaisme kois ou il fu esleues
1385 1575 2864 1701 Et le lanche de quoy Il fuancuernaudes
1421 1637 2825 1761 et le sanc precieuys que souuef srest iures
1440 1699 2871 1819 et mo uaron plouraient ensamble a tous costes
1428 1759 2774 1888 y rou ar denroure fu uaptisies et leues
1468 1828 2678 1941 t encontre amoury fu amoury claines
1456 1879 2984 2007 lie fu ly premiers Rois que ains fu crestiennes
1394 1941 2696 2065 Dedens igrañ dont uõue est ly chites
1375 2003 2820 2120 Parmy le sainte uille fu or un uans saes
1421 2072 2685 2189 ui en dieu me Nera amort sera liures
1442 2127 2692 2240 a se uaptisa moult che dest lauctorites
1507 2191 2551 2311 rise est Ihriñ et le genr querti
1438 2214 2913 2373 dieux que ly rois hemis en ot le chierelie
1534 2323 2466 2410 l eeust xlame le dome iolie
1387 2348 2949 2472 Qui estoit dedens tours celle cite iele garine
1366 2405 2931 2543 Cantost fust retournes dedeus se manadie
1389 2481 2779 2603 es d pins le roine aeuint en Rõmeme
1550 2539 2860 2668 poꝰ diran cour quon elle en su departie
1431 2610 2653 2720 de le chite de tours ou fu amẽnagie
1392 2688 1431 2773 F
1596 2672 2517 2764 ot de parole ꝯteret Rrehie
1408 2725 2641 2835 et disoit oupartout en Icelle partu
1428 2780 2719 2891 ne geuris estoit mora en terredesurie
1405 2833 2894 2953 et authoures ses peres que le chiereot harde
1470 2891 2659 3008 quarõme le grant celle chite autre
1389 2983 1405 3063 I
1463 2946 2671 3075 roient raporre sy son Par signoure
1474 3022 2830 3130 ensebli ulent par tresgrande maistrie
1362 3088 2774 3215 Leste meuuelle estoit forment auccorisir
