3104 4140
1608 579 1686 671 13
227 667 1686 788 Et partout sen roialiue: sesi saudoirs macda
227 742 1656 850 Et ly bons uous cardinau de londresz se seura
377 816 1472 906 mist en le mer ⁊ cellement singla
220 867 1843 972 Quil sen uint a boulongaie mes point ne sepurna
223 938 1378 1023 Aioy de marechant le pais nespasa
218 998 1463 1087 Eusy ly cardinalea par my gaules passa
220 1060 1716 1159 Tant fist par sel iourueelz ⁊ sy bien exploita
230 1131 1530 1216 Cuil unit en rourenie le chite aprocha
227 1196 1672 1292 Et lost au ron butor tout oultre trespercha
227 1262 1500 1357 Au pape est Reuenus ⁊ se ly recorda
230 1324 1514 1428 Cõment du roy heurn le setours auera
232 1393 1385 1497 Quant ln papes loy qhũcrist a loa
232 1462 1566 1563 Iais sy ihũs nẽ peuse que le mondetrea
241 1534 1509 1626 Iamailz ly rois heuris la atans ne ueroa
234 1591 1748 1695 Car le fort Roy butor moult fouuent la pressa
236 1655 1514 1759 Aie chite de rõme souuact assault luira
234 1713 1408 1842 La chute soussisant tellement apressa
236 1789 1645 1895 due Reutz n pot ueuir ne decha ne dela
230 1858 1562 1954 dont le pape de rõme durement sesmaia
230 1927 1617 2010 Qr uoul laran de luy tant que poins ensera
241 1975 1744 2079 Et du roy deugletere le nieu corps uous dira
232 2040 1619 2143 Que le chite de londres seshõrai⁊ assambla
253 2109 1449 2208 Il ot .c. mille engles en qui il se fia
243 2185 1550 2279 Euapiet que aqueual a tant ses os esma
250 2242 1309 2341 Et apres costcose le Rayne apelã
246 2327 1610 2415 Dame che dist ly rois men orps sen partira
246 2389 1700 2461 dcout de clocheare le mirn corps uoua laira
246 2454 1599 2553 Et uechy mon seel qui chy uoul demoura
243 2530 1725 2626 Et par clir sicgoir chy uocorps nie maudera
241 2587 1705 2695 põment uous mainterres ou pais pardecha
241 2658 1497 2750 ne quil hoir Iluĩaist sy uous enuoiera
253 2725 1426 2822 ienporte le peril a Rõme par dela
241 2773 1886 2886 Mar ou ie manderan tout chie que meaen plaira
253 2852 1449 2939 Qlame le roie le seel tost prel a
257 2895 1794 2989 ren le uit marguerite que roizheurn porta
287 2946 1813 3079 Cresdout quelli le uit ne sun bion ny pousa
