3104 4140
1408 984 2843 1078 Eui arestous les costes en auoit de rõpus
1408 1051 3039 1147 Et de sauuer estoit moult ⟦ape pales deuenno
1527 1117 2956 1207 che point fu ly rois uien iii mois ou plus
1449 1168 2998 1265 En. souffrant arant martire ains tant ne souffre
1405 1228 2853 1324 ꝑ pux dest ly rois qeurs ame fui suy uenus
1435 1288 2873 1375 lodieux ꝓ sire dieu qui en llois fu pondus
1431 1340 2931 1435 Ou quis mois rois ne fi. ẜ yssy Nesmal uenus
1470 1405 2781 1488 me coment morir se ne seiy secourus
1461 1453 2678 1557 Rome elame or ne uoue ueray plus
1419 1504 2797 1616 Ouques mait Rour uirians ne fu sy yrascus
1398 1561 2611 1660 Pme de bõnaire et dens corps essrae
1426 1623 2756 1711 ccort et apechuet est ly uos corps perdus
1387 1672 2873 1766 Par le fausse me mpre qui ame ayt bel gbus
1438 1722 2823 1823 u le uostre gent corps de mon pais affui
1417 1777 2945 1872 pr uich en grant doleur chy endroit say batus
1451 1835 2869 1929 e priea dieu de glore et sec digne uertus
1401 1892 2947 1991 Et uil uous garissemune et doinst poie et salus
1424 1957 2715 2042 i dout sest derant luy q angle aparind
1401 1998 2917 2111 Lu poi deuant lenox est maintenant uenus
1557 2056 3021 2157 ussy tost que ly angles dedens le chartre entra
1520 2120 2770 2224 ly lier ou heuris fu trestout eulumina
1527 2159 3025 2281 fu plaine de clarte dont lieurih sesmenulla
1433 2228 3041 2339 I aiches Rois heuris et ly angleefarla Tu has se
2811 2283 3039 2341 in aptis di
1392 2300 3032 2389 ame Ihũs te mande que ne besmairs ia courra
1394 2350 2793 2447 Et brisses ly tiene filz que tes corps engeur
1405 2412 2959 2504 Lar ly bone archeuesques de tours les amerra
1408 2461 2768 2571 se uant tu seras delures a ber ten conera
1415 2523 2908 2628 En le chite de tours ou moult noble uilea
1403 2587 2735 2688 sa uerai tu elaine dieux le ce Rendera
1371 2651 2662 2753 Far en celle chite troidaer elle sera
1382 2714 2694 2810 Et te dy que ihũs tresbien temerira
1387 2780 2938 2863 e malque tu endurrs et a fait grant quecha
1389 2835 2945 2925 strine et honneure elamne bõue dame en lya
1392 2898 3032 2987 F ar dieux layme et leprise et bien le mouste
1405 2955 2800 3049 e de cõmande a dieu adont se deseuera
1382 3022 2489 3111 De che quil a oy qquerist aoura
1355 3079 2708 3173 pe paine et se doleur ache copendura
1417 3148 3044 3236 et quis dit douche aune bien ait qui uous porta
1380 3210 3018 3332 Pr sinige moult Ioyans qma qua qhud qulaira
