3104 4140
1265 708 2572 804 amaure en se bataile .iiiͨ nulle qians
1270 775 2705 871 De ceut mile en estoit fais sy arruere bans
1265 830 2926 926 gue lanche et ly rois que moult estoit trenghant
1274 887 2653 986 De quoy ql se cõbat a lencoutre des frans
1272 942 2689 1039 sla fu telle bataille que nous dist ly Rõmans
1258 1007 2643 1090 Que l. nulle turs lelons et mescrans
1421 1062 2936 1154 ut mort en lestour cler nous dit ly rõmans
1263 1120 2715 1205 ly rois henris ꝑfiert ꝯme rois ou soidans
1249 1175 2678 1262 naconfrent sarasin queare soit pourfendane
1260 1235 2514 1313 Et aussy que ly rois estoit la cõbatans
1343 1290 2689 1370 .ni le clute de rõme qui tant fu bien seans
1283 1343 2885 1426 est uenus ly mesades lors quil en fust entrans
1256 1396 2685 1497 Encontra la postole qui tant fu souffisant
1442 1460 2954 1547 tost que ly mi sagrsz dedons rõme entra
1263 1515 2556 1596 Lapostole qluueix ui se uoie encõna
1267 1563 2692 1653 Et quant lyapostoles le mesageperchoit
1242 1619 2864 1718 pour la bit dengleterre moult bien le rainsoit
1311 1681 2988 1793 dien scrt quil fut mesages ⁊ que lettres aportot
1260 1745 2671 1842 adont par deuant luy amener le faisoit
1265 1803 2657 1906 aums que fait uodame lapostole di soit
1263 1856 2936 1973 Pien sains pore dist chuirs que bien parler sauoit
1272 1922 2666 2019 Ou est ly rois heuris celerestre ne dois
1267 1980 2784 2086 auus dist lapostole que moult sains hous estoit
1272 2037 2699 2148 ly mis hairis uo sirss ly celers que uauroit
1316 2104 3009 2217 st ly rois plus hardis hons queche mõde estredoit
1272 2180 2740 2279 Il est .un auy us pres ou il se cõbat roit
1256 2233 2611 2339 Euant ly nresages m ot a lostel sen aloit
1279 2359 2671 2474 Et ly bonsapostole point ne sy arestoit
1286 2435 2600 2523 un cardinal apielle ou forment se sieit
1251 2493 2554 2601 Sy mon auoit a non ly pape luy disoit
1267 2566 2464 2654 Quil alast a lieury ou il se cebatoit
1260 2619 2646 2732 Et ly desist cõment un mesage ueuoit
1251 2704 2659 2794 Ou pais dengletorre et que ly raportoit
1258 2760 2722 2865 nouuelle de se famne que siy forment auooit
1288 2817 2731 2939 Et ly frans cardinaux qaint ne sy arrstoit
1279 2902 2692 3001 l est issus de rõme tellement sesploitoit
1267 2964 2719 3072 Que il uint ale batailli la ouly pois estoit
