3104 4140
1293 655 2807 772 Seigneur dieuo nous a fait chy endeoitamener
1304 717 2494 807 plie ioiue chll a oir nous rescouforter
1306 761 2625 862 Par se ne fust uenus ne peuissont durer
1318 804 2703 917 Et dient crestiens dieuxo le nous paust sauuer
1302 864 2620 968 Nour .diri or ly alous endier et sousorser
1306 913 2717 1023 Dont se sierent es turs sans point de lariester
1316 968 2496 1064 ha ueissies bataille grande renouueler
1320 1030 2583 1110 sious ua lestande dart aterreerauenter
1507 1092 2496 1163 .Q sist par forchr ale ierre ieter
1288 1133 2655 1216 Dont senfuirent paren noserent demourer
1272 1189 2816 1271 Uiers flandees sen fuirent ner nut alaiesqprer
1350 1244 2616 1317 t no seestieus uout en boulongne Rentrir
1300 1301 2388 1373 ly caste lanẽ Ientieux ua lion acoler
1309 1347 2814 1432 Et brasqui fuz sen frere uault il moult hõnerrr
1270 1403 2595 1483 ¶Et les fist celleͬ nuit auerques luꝑsouper
1281 1455 2501 1543 alion le dousiel ua biaux dous pñter
1410 1508 2590 1596 luy dist sy uoloit auent luy demourez
1334 1559 2779 1637 due Ia me luy fauroit tant quil pensist durir
1260 1612 2554 1685 Ore chedist lous il men coumuent alir
1311 1667 2802 1745 ⁊ utre moy et mon fare cpour nopere trouuer
1267 1713 2892 1803 Et nomore euse ment quandeux nous uault porter
1270 1773 2777 1849 Quaues ne lus ueismeldont il uous doit deser
1270 1812 2837 1902 Or yrous agre dieu tant par terreet par mer
1267 1862 2929 1971 Q ue nous ces trouuerons se dieux le ueult greer
1265 1913 2676 2005 de main uanrous de chrparair et deseur rez
1260 1996 2478 2088 e nont fist les enfaus fuir et lõmrer
1327 1959 2519 2044 he ot le casgelani sen cprint a soupire
1254 2035 2795 2152 Dont uout apres ⁊ mengier doriuir et reposer
1249 2099 2503 2180 Iusquis au matiet que uirent le iourcs
1295 2139 2581 2228 u matu se leuerent faus point d larester
1286 2189 2701 2279 tpuis au raiste lamns uout con giet Eemander
1274 2235 2613 2320 are che dist liens Ihũs uous Puist sauuer
1300 2281 2482 2359 ait maurs chl̾r dont Ie uous doy boer
1286 2327 2480 2408 touspoursr me uouray taullier et pener
1279 2380 2452 2456 de le gent saraiuir quirroier et greuer
1318 2426 2478 2502 ⁊ Ihũcrist aoꝰ a lait tellement arinx
1323 2474 2498 2550 ni nous puissont. de nopere Rarlz
2590 2449 2793 2539 A on
1293 2518 2441 2585 men che dist ly bers ou il not quairẽt
1251 2564 2356 2626 nionle pourre dent ya eraait apeler
1244 2596 2657 2677 ion or et son argent quanque Ilen uault porter
1228 2658 2353 2727 Pona tout pour ⁊ huez qui sist et clu
2360 2645 2627 2707 lut quer
1214 2686 1244 2760 3
1283 2691 2604 2766 me ua imellement suir le cheual monter
1279 2734 2349 2801 lor d iler s uaule bien atourner
1265 2773 2830 2879 un mantel moult tresriche uaus a son col pã porter
1272 2824 2280 2898 y castelains les ua baisier et a coli
1235 2872 2519 2957 sioux se departy ny uault plurarustiz
1224 2911 2632 3063 De uoulongue est assut̾ ainsẜ quapres disuir
