3104 4140
1557 793 1672 917 16
131 913 1707 1014 De E auocr sen seiguerr outoinr tant auoit dõnoir
119 982 1366 1074 Proy dõna tel cap sans point autir damoir
135 1041 1477 1133 ue le brach ly a fait queir sur le uerdoier
138 1090 1757 1193 Euant le Royscent le cand cop adont fu sans bandoͣr
142 1154 1279 1251 l iera un cel ly ⁊ de sy grant hidour
154 1214 1311 1306 ue se seur lu deme loy uien de le tour
151 1274 1387 1361 le dist a ses caubriere noꝰ auons dit prour
147 1327 1424 1426 nes freres y est mors sil maissyche iour
236 1391 1523 1458 eta ue Roure maint soipir et mint plour
248 1449 1585 1524 fors Roi descoche ot per due se uigour
151 1492 1380 1577 rissis fistascias de le gent parectour
151 1531 1652 1626 res en frans damoisaulx ꝑ a quist grant hõnonr
218 1598 1327 1676 due les ꝯ batrns y ot brissen lonrour
223 1649 1592 1727 dult fu brissis uaillaã corageꝰ et hordi
225 1701 1686 1796 Et fiere en le uaptaille et moult mal talantia
149 1761 1417 1851 pens quil fu arres fellõs fu et despiez
142 1814 1375 1908 l naconte ausorir le uaille dun parsis
126 1874 1385 1959 nes cout ades auoit son cuer en ihũcrist
138 1929 1387 2005 Et ly rois escochois sescrioit a hant cru
144 1975 1718 2058 drendes moy che glonton frans cheualier de pris
163 2033 1583 2109 tous les pours di monde Ie suy par luy hõme
149 2081 1479 2166 out Iu brisses ly bers en maint lieu assalis
158 2132 1433 2221 y eusre se deffent cõme uassaux de pris
149 2180 1580 2265 tout les Ioure du monde Ie sux car lus hõms
473 2251 533 2339 R
566 2235 1845 2334 luliere Et ast uieng moy maitin frere anne
213 2306 1481 2387 suy mors et destriur se des curs suy saisis
140 2341 1329 2442 ⁊ aie pois noient ly ⁊amoi sulx gerois
172 2408 1449 2502 req lont ly fa prrtia et ses peres herrit
177 2463 1428 2550 y quill su des paiient et Rezenus et pris
195 2525 1343 2605 menee a hontone des paiens malait
126 2587 1329 2661 amaut sest Recournes dosant et auoris
216 2631 1263 2718 qure mahõmet aquil il est subgis
126 2674 149 2769 d
172 2674 1693 2780 ne tout cheux feraspensre que le batailleapres
128 2746 1465 2822 y Roiegeuris le mduche qui au cuer su moris
126 2799 872 2886 quremait fu dolans ⁊de
172 2854 1539 2953 uant uit quil ot ense ment ses amis
812 2854 920 2914 rd̾ul
126 2916 1557 3012 nes chilaqueurent ens du tout alar deins
126 2971 1332 3079 et ly roit dengle terre est ariere uertis
121 3038 1442 3127 dolant et coirechies et forment asmeplis
142 3095 1433 3187 dussy en fu dolausi formenr martius̾ set fis
124 3148 1277 3256 et ganaine estoir en son palut & peit
