3104 4140
1405 779 3023 896 Iuiracles a fait pour mony sest drois que faiche tat
1415 871 2777 945 ftue ne perge iomoir dore mes en auant
1378 919 2857 1007 adont uout iy uaren tenrement soupirant
1511 965 2807 1060 u paullon le poy que henris fu nonces
1504 1030 2908 1101 plouroient teurement tous lu riches baruel
1431 1081 2933 1163 t dist ly fois leuris pois coustant nonsires
1364 1136 2710 1216 Quil chi⁊ dist lypocs ca est fine uentes
1408 1184 2853 1262 a mailz ie ne teuras castiaux ner frumetes
1479 1239 2947 1315 uous dõnr uousiaus dont bõ ne est u chites
1405 1290 2804 1382 tous les Iours du monde en seres hiretes
1401 1350 3018 1446 Ie ueul gue chil la cordent tous mes Richer baruen
1403 1414 2984 1499 Mes de tant uous ciray sires Rois courõnes
1382 1472 2915 1563 pien scay que de moy est uns enses ongeures
1350 1531 3028 1623 Sques pour dieu uona pry quien eois fuepent
1442 1586 2719 1676 e benfant uient arous et iamais le ue
1375 1649 3025 1736 Ie uoui Requies poilrdienque uous le Rerem
1352 1711 2906 1800 ie Ia en uo uiuant poier dieu ne ly fales
1431 1770 2885 1862 et ly roil Respondy sycon uous cõmandes
1428 1830 2811 1927 usement su ly paie la endroit deuises
1382 1890 2942 2005 Pr baray de coustant ung pau se uo ueres
1465 2019 2963 2150 ui dolante sen ua moult fu ses corpe pinel
1543 1959 3023 2081 diray de plaisanche ou grande est ly biante
1362 2060 2883 2196 Par le mer le conduit ly sariguis derues
1412 2120 1449 2226 2
1481 2125 2869 2267 auenques marcanx dont Il potasses
1491 2251 3018 2389 moult estoit a sen mier dolante etcourechie
1617 2194 2850 2318 ei ua le l rouie dedeus unegalle
1412 2295 2287 2410 dour le Roy que luissa en
1359 2355 2855 2479 Lar elle ue scãuoit sil est mors ou enuie
2330 2339 2809 2435 se camore Iolir
1362 2428 2726 2518 Lar atendre nosa celle gcut pueuin
1357 2484 2876 2587 Fant a la le uassel par le merdesurie
1405 2548 2595 2638 ue le net arma appalerne lantie
1412 2605 3005 2730 a uaurent ariester la gent de la maisirt baillu
1352 2658 2903 2769 Pour uendre leur auoir quil eurenit bare
1369 2711 2485 2810 En le chite entra la rome Iolir
1352 2773 2892 2909 Aaenques les marchans sest le uunt herbegie
1332 2829 2908 2976 Ses uitres paru grans fodrosse fuet furme
1355 2891 2554 3017 Ra fu .xiii iours le alome adrechi
1343 2948 2273 3052 depine Rentra en le mer
1352 3010 2420 3095 Et aueuques Restiens que sont
2282 2992 2864 3072 sacdinez listarelrie
1362 3063 1375 3141 ;
1387 3056 2804 3180 tant fist quelle se nustaurent le barõme
2616 3054 2908 3116 osirie
