3104 4140
1445 558 1539 655 48
257 685 1500 791 Intes che dist heuris ly sues des englois
181 749 1771 853 AOuques mais auil prinche nan⟧ sy grant auois
167 795 1792 919 Qiil maunt au ious duy ⁊ chest Raisons et droil
165 883 1520 988 ⁊ plus belle ay perdue du ariame englois
147 949 1663 1053 dui fust en tout le monde ses peres estoit rois
154 1011 1592 1124 our quoy est ly sirus soeps bruis en fu grigois
165 1081 1509 1186 destoit elle meffaite a poinche ne bourtois
216 1138 1516 1244 leussies rrouuee faisant aucũ pent wil
223 1196 1532 1313 tenoit pas auous que fais en fust ly droilt
278 1267 1435 1393 sestoient sy fil tout engeure auchois
177 1322 1702 1467 ue de ly me spartesisse on le siet par lermoil
135 1400 1721 1547 Mour uem̃ta ⟦ uꝰꝰ cõuerra pardieu et parses crois
140 1476 1477 1593 dont pleure ly rois qui taut estoit destrois
289 1547 1491 1651 e mere le tient tout a dieux par les dons
156 1607 1468 1713 et se ly ua criant moubtost a hante uois
128 1662 1744 1789 Biaux fieux or ppeng cle conte lassuiz en che uers bois
236 1743 1440 1849 tu le mames pluiz un paet ae nͥ ne .iii.
156 1798 1617 1902 Das namas ton moullier que moult et les cais bloir
142 1867 1608 1968 Dame che dist heuris il mora Car chest drois
154 1925 1382 2042 dont du roy heury fu saquies ly espois
165 2005 1426 2104 a en eist fe ru gkrart que est courtoisz
177 2070 1486 2180 Quant in coutes ly dest entendes fire rois
144 2150 1592 2270 e Ie uous puis monstrer ou palais magiiois
154 2221 1438 2334 dre lettre se clee opremẽt de uodus
174 2281 1534 2412 et uien noeuf mi sagiers Restous a uur foit
188 2362 1428 2477 ie uous aurl tramis en ycestuy terois
165 2421 1555 2562 Et les uectres disant que fais en fust lylois
154 2500 1723 2612 ious ne men poues ppas demander deux touruoil
174 2571 1831 2700 ontes che dist ly pois chirux plais est de gaboil
126 2651 1491 2773 Ossy bñ fuieries que fuissies uns uesrois
124 2734 1746 2838 Bue uoꝰ me moustrachieiz nulement ches explois
177 2801 1656 2914 et ie uoeul et oblege dist ly coutes ieldrois
200 2875 1488 2978 mien corps amorir du tout a uo uolors
124 2923 2066 3079 Ee les brest briofs ne uous monstre du grant serl englois
