3104 4140
186 685 1675 804 Le sien maistre paignere quangenques ly fu la
200 763 1790 864 Et a tous les pilers du paiais ly ⟦me Ronna
197 825 1937 919 Paul y puinsist y maihes telles que en se cambrea
207 885 1654 982 Ou propre non delaine se fille quil ama
264 952 1633 1046 et ly paitres le fist se ouurage apresta
209 1018 1672 1094 Et quant in apostoles cest oeutire Regarda
241 1074 1629 1163 l uint s roy authoine et se ly demanda
188 1193 1806 1290 Gains qea peres dist ly rois ⁊ on le uous dira
193 1262 1886 1357 Chest enl ou non de ma fille Car quant iele uayla
197 1334 1898 1423 Mes hardemens me troist me forche em doublera
200 1393 1589 1494 I le grande bataille que par tamps auerra
197 1446 1426 1566 Tont ycelle fiture clame ma fille a
207 1492 2098 1635 Eur ces ꝓmages g comristee de poest ont qui me fille uerra
190 1570 1615 1692 Bien dy parches ymages connoistre le pora
195 1628 1693 1761 Car chest le plus belle conques dien estora
218 1708 1465 1826 Et sil plest acheluy que on trulliefia
193 1775 1470 1885 Tant uoray Carperter aiyo sarasiis de la
200 1853 1610 1948 que mis seront afiin et puis mon corps uora
204 1920 1555 2014 Espouser a moullier celle que monnera
204 1984 1461 2065 Quant lapostolle lu it adont en larima
200 2049 1702 2148 Deux iours par dedens rõme ly rois se reposa
202 2111 1180 2194 Et o iiiͤ iour asegent ꝯmanda
204 2168 1389 2270 Euil soient apresa car conbatre yra
195 2235 1725 2341 Piauxo fieux dist lapostole o uous megent yra
211 2311 1679 2396 opo mille Romains mon corps uoits baillera
204 2366 1863 2474 Sire che dist anthomnez ia piet nen yueda ueura
200 2431 1509 2536 Nie ia ungz de uos hõmes en lesto᷑ nentera
220 2497 1394 2605 py asses gent o moy ⁊ Ihũs maidera
207 2564 1520 2674 Fors fait souuer biusures ⁊ decha et dela
213 2628 1488 2732 Chil de constantmoble ou hardiedeñta
181 2700 1403 2796 Garmerent uisteanent ⁊ ly roilz sadouba
200 2762 1822 2847 Er quant il fu armes sur le dostaz destrier monta
216 2817 1587 2921 i sont ysseis de rõme ly prapes les seigna
202 2884 1502 2980 Du brac saint samron quanenc ly aporta
204 2950 1730 3079 Et ly bous l Rois anthames ses Rigois empena
