3104 4140
1313 781 2266 892 Rui fe uous priste lostel elle.
1306 857 2478 942 A ycelle Raison que Ie uous ay conte
2294 807 2646 899 st sote noe
1352 915 2439 1002 ntra ung messagier en le chie loe
1339 963 2646 1062 dui uint a larchines que qui tant ot penõmnee
1364 1032 2618 1117 euille crespassa qua estoit grant et lee
1352 1085 2485 1182 resy iusques au palais y afait ariestee
1348 1143 2395 1242 y mesachier entra en le iale pamne
1387 1198 2508 1290 encontre martin que ot fant le deuee
1339 1260 2517 1345 Euant le messaiche uoit se lu fist eslrire
1288 1311 2689 1407 qunns que uolrs uoue pour leuurge hõneree
1454 1373 2678 1467 chieux arespondu prere sil uous agrer
1297 1430 2816 1529 Moustres moy larcheuisque a le chiere meubree
1318 1492 2676 1589 Et martins de mena en le cambree pauer
1290 1550 2340 1637 Pu lrchenesque sesm̃ume Nemer
1283 1605 2418 1695 ꝑorisses estoit allus a le chiere senee
1311 1662 2917 1780 Que sreheures disoit par boues Par uõue destinee
1272 1736 2763 1833 Et martinis entre eus qui auuil mual ne bur
1288 1810 1325 1876 ¶
1424 1798 2786 1899 dist a larcheuosque amoult hault aleme
1304 1865 2623 1959 are ch e dist nartus qui tant dt alenõmie
1309 1927 2512 2021 de cha un messagier dune estraire ꝯtree
1277 1987 2397 2072 Uolenti de uous ccroit sauenture ꝯrer
1302 2049 2572 2155 et dist ly archeuesque Ie laray escontee
1300 2122 2609 2231 olentiers et de gre sans pout de lerestee
1300 2187 2512 2290 de ly mez qui ꝑle sans fane demorie
1270 2251 2784 2362 Et dist che dame dieu qui fist chulet Roisie
1251 2313 2689 2426 Eue rechuil mort un crois de la lauche affilee
1348 2382 2537 2484 t Paust Resussita ale tierche pournee
1295 2433 2772 2553 heux sans et se garisse sy ba Plost etagree
1263 2497 3048 2615 larchetesque ientil qui ait boue sande An de ꝯstatmnoble
1359 2580 3044 2663 par le coy houry dendclecerre lelie tient le tre n
1470 2628 3034 2707 parce Roy auchon: a le brache quarer Et ꝑ le Roysoi
1251 2681 2441 2764 Qui a este conquas autrenchant de les
2648 2684 3025 2743 de bourduuis
1221 2720 3023 2831 Care par moy uous mande che bien cost aueree Ifrencel
1242 2787 2848 2886 Quil uenroutchy entroit sil uous plaist et agree
1300 2842 2351 2932 ⁊ yserioussy tout leur gent osteler
1263 2893 2570 3001 hequil despenderont en uo chite frimmie
1244 3010 2314 3107 hõnie nil uiuant de le chite loee
1373 2960 2600 3052 uien le spaierout ia nen teuront derree
1242 3077 2625 3190 Et dist y archeuesque qui ame sonit sauuee
1849 3415 1902 3491 56
