3104 4140
1403 625 2864 772 Et bras ly Respondy aisy quil uous agree
1405 692 2487 804 la fu brisses clames aycelle iourne
1380 747 2986 880 mes ne lu pas saut brises dont on fait Renõmee
1523 811 2625 906 yre lyr escaipture mie ue noꝰ apren
1378 837 2915 984 Efue saint brisse fust frere a martin nule mont
1468 901 3007 1046 ⁊ non pout quant chil brise dont ie fais̃ ꝑ lemẽt
1387 945 2648 1062 fu moult boune persoune uiuant mont
1382 1005 2952 1140 mes pas ne su saitie car uous ores brirument
2705 1011 3016 1108 saoutemtens
1366 1058 2123 1143 Põment du corpe᷑ brisse
1375 1110 2275 1205 Quant ly bous archeuesque
2165 1090 2795 1191 Ie fist longeure ment
1375 1170 2496 1267 Ot brise baptesiet adont dist lieme
2429 1156 3007 1260 sours le tenement
1380 1225 2717 1315 lioi. uenes arant fans faire ariestenun
1364 1267 2574 1377 Pdatesme Recherres au non di sapient
1352 1327 2728 1426 Uous aues bõne chpperc de boire uinsouet
1417 1384 2641 1483 e uous fay boutiloer ache cõmencheme
1507 1449 2726 1550 sy ares men non il me uint atalent
1336 1497 2719 1589 pre chie aist lion bien aue plest ensement
1378 1554 2657 1649 dont se desuesty sans nul ariestement
1348 1605 2751 1701 De baphesant Re chut le digne sacrement
1465 1667 2712 1764 ouement a amcions laanurable chite
1419 1722 2749 1814 urent hy doy enfaitt baptisiet et leu
1364 1773 2653 1869 sous ot non martuz clir dist lanctorit
1362 1826 2606 1908 elleux a larcheesque que moult la enammi
1355 1865 2719 1957 Qui de touren touramne tenoit lis le dignite
1382 1915 2786 2005 duis le tint ses felleux parlerdieu uolente
1371 1968 2491 2040 Ensy que Ie cilay qui maraescont
1366 2012 2781 2083 Iugt mois ou plus ont il enamient seiourie
1373 2053 2945 2148 Auant ly euesques damens et sen corpoarspasse
1380 2097 2508 2196 upius̃ se depparty et se sent tant ale
1375 2148 2577 2244 Quil son uenu a tours lanurabli chite
1348 2201 2724 2293 prissi rchi lesqui dont Ie uous ay parle
1392 2249 2751 2336 dortoit d ru ri luy le sien capiel foure
1348 2304 2952 2417 du moustier et partout ouebet auenc lux alur
1392 2369 2510 2433 et martin estoit sares du ui et diecla
1366 2415 2616 2484 Et donoit de retluifquant on auoit dismi
1433 2451 2740 2536 dieu que largement lauoit toudis donne
1343 2502 2749 2592 Des enfans uous lacrcy se f uons arat conte
1323 2553 2581 2654 De le Roine elaine qui tant ot de biaulte
1352 2615 2498 2704 eui agantee estoit en grande pourete
1375 2663 2646 2757 hies une poure faine ot sun corprostile
1357 2720 2579 2796 che tunps neston pouit la critienuẽt
1343 2766 2425 2854 Rlame seloncainsy que iay conte
1352 2810 2570 2893 uerquet uñe frme que li corps ot moli
1359 2872 1937 2941 dur ot de teuandisi
2063 2861 2579 2941 cis tout sonar
2650 2835 2850 2976 uiscu
1339 2916 2455 2983 Et de uuer kel deas de boune chuite
1311 2964 2595 3070 Rlame a unemain a souuent Respannne
