<?xml version="1.0" encoding="UTF-8"  standalone="yes"?>
<PcGts xmlns="http://schema.primaresearch.org/PAGE/gts/pagecontent/2019-07-15" xmlns:xsi="http://www.w3.org/2001/XMLSchema-instance" xsi:schemaLocation="http://schema.primaresearch.org/PAGE/gts/pagecontent/2019-07-15 http://schema.primaresearch.org/PAGE/gts/pagecontent/2019-07-15/pagecontent.xsd">
  <Metadata>
	<Creator>escriptorium</Creator>
	<Created>2025-10-15T20:24:24.064466+00:00</Created>
        <LastChange>2025-10-15T20:24:24.064497+00:00</LastChange>

  </Metadata>
  <Page imageFilename="620416201_MS0742_0766_0155A.jpg" imageWidth="3104" imageHeight="4140">

    
    <TextRegion id="eSc_textblock_093afdad"  custom="structure {type:text;}">
      <Coords points="110,781 135,926 193,956 1449,947 1580,855 1688,864 1707,1028 1633,1085 1615,1150 1633,1451 1578,1527 1569,1690 1624,1782 1525,1828 1477,1911 1753,1996 1688,2070 1652,2224 1587,2290 1716,2382 1670,2564 1725,2656 1652,2868 1753,2953 1725,3017 1780,3210 1753,3254 457,3282 147,3254 128,2898 156,2778 110,2665 138,2300 110,2224 101,1067 73,1064 110,781"/>
      
      
      <TextLine id="eSc_line_b6b22458" custom="structure {type:default;}">
        <Coords points="1424,947 1401,947 1394,947 1389,952 1382,956 1260,961 1235,952 1221,947 1217,947 1194,947 1187,947 1173,952 1138,963 1053,952 1033,949 1010,949 987,949 968,949 961,952 918,965 814,954 796,952 780,952 768,952 766,954 738,968 664,954 651,952 641,952 628,952 625,954 614,961 522,954 508,954 506,954 503,954 501,954 478,970 368,954 365,954 356,954 354,954 347,954 248,975 112,956 115,1018 115,1041 1698,1025 1698,998 1691,952 1458,959 1440,952 1426,945 1424,947"/>
        <Baseline points="115,1018 1698,998"/>
        <TextEquiv conf="0.9951141263757434">
          <Unicode>uant Ii oy ie dieu que ly eurc uont meuant</Unicode>
        </TextEquiv>
      </TextLine>

      
      
      <TextLine id="eSc_line_8d500191" custom="structure {type:default;}">
        <Coords points="609,1014 605,1014 602,1014 600,1014 563,1025 342,1016 340,1016 338,1016 335,1016 322,1028 319,1030 172,1030 174,1069 174,1094 241,1081 299,1092 301,1092 303,1092 306,1092 308,1092 308,1090 322,1076 349,1092 352,1092 354,1092 356,1092 358,1092 361,1092 400,1076 432,1090 439,1092 441,1092 444,1092 446,1092 448,1092 448,1090 450,1090 467,1076 513,1087 533,1092 536,1092 538,1092 549,1087 584,1074 635,1085 658,1090 660,1090 662,1090 678,1085 710,1074 819,1081 876,1085 878,1085 881,1085 895,1081 911,1074 938,1078 982,1087 984,1087 987,1087 989,1087 989,1085 998,1078 1005,1071 1042,1071 1051,1076 1063,1087 1065,1087 1067,1087 1069,1087 1122,1076 1138,1071 1150,1074 1189,1087 1191,1087 1194,1090 1290,1090 1290,1087 1440,1085 1442,1085 1493,1067 1493,1058 1491,1023 1210,1011 1208,1011 1099,1023 1097,1023 1040,1011 1037,1011 1035,1011 998,1023 959,1011 957,1011 954,1011 952,1011 915,1025 911,1025 908,1025 876,1014 874,1014 872,1014 782,1025 777,1025 750,1014 747,1014 745,1014 743,1014 740,1014 740,1016 731,1023 722,1014 720,1014 717,1014 632,1014 609,1014"/>
        <Baseline points="174,1069 669,1058 1493,1058"/>
        <TextEquiv conf="0.9561607440312704">
          <Unicode>est et ẜ puelemet leur est uenus deuant</Unicode>
        </TextEquiv>
      </TextLine>

      
      
      <TextLine id="eSc_line_4cf031b1" custom="structure {type:default;}">
        <Coords points="1134,1060 1122,1060 1099,1071 1040,1060 1019,1060 1017,1060 1003,1074 1000,1074 980,1074 710,1062 708,1062 706,1062 662,1074 639,1062 637,1062 635,1062 632,1062 630,1062 609,1076 605,1076 462,1064 460,1064 457,1064 421,1078 411,1081 398,1078 345,1067 342,1067 213,1078 216,1122 216,1138 414,1147 416,1147 473,1136 487,1133 497,1136 529,1145 531,1145 533,1145 600,1133 623,1129 922,1129 936,1129 1026,1140 1028,1140 1099,1127 1106,1127 1111,1127 1138,1138 1141,1138 1143,1138 1145,1138 1148,1138 1166,1127 1168,1127 1180,1127 1385,1136 1387,1136 1389,1136 1440,1122 1440,1108 1433,1071 1171,1071 1141,1060 1134,1060"/>
        <Baseline points="216,1122 1440,1108"/>
        <TextEquiv conf="0.9913686950032304">
          <Unicode>uois quil ot clere lour ua hault escriant</Unicode>
        </TextEquiv>
      </TextLine>

      
      
      <TextLine id="eSc_line_0d2ee32b" custom="structure {type:default;}">
        <Coords points="1362,1110 1339,1110 1334,1110 1208,1122 1184,1113 1178,1113 1155,1113 1145,1113 1118,1124 883,1120 798,1117 786,1117 763,1117 740,1117 717,1117 704,1117 678,1127 667,1129 602,1129 427,1124 425,1124 423,1124 421,1124 409,1136 404,1138 370,1136 236,1127 234,1127 232,1127 230,1127 230,1129 216,1140 213,1145 172,1145 170,1143 154,1129 151,1129 149,1129 147,1129 144,1129 119,1140 121,1179 121,1212 457,1191 520,1191 540,1200 561,1209 563,1209 566,1209 568,1209 570,1209 584,1198 598,1186 678,1186 770,1193 899,1202 901,1202 1010,1193 1012,1193 1014,1193 1023,1184 1030,1179 1051,1184 1109,1198 1111,1198 1113,1198 1115,1198 1115,1196 1129,1182 1155,1196 1157,1196 1159,1196 1233,1179 1251,1175 1256,1177 1267,1186 1270,1186 1272,1186 1274,1186 1373,1177 1458,1191 1461,1191 1537,1189 1539,1189 1573,1168 1573,1150 1566,1097 1468,1099 1465,1099 1428,1117 1378,1110 1362,1110"/>
        <Baseline points="121,1179 1573,1150"/>
        <TextEquiv conf="0.9850143554598786">
          <Unicode>eignour ⁊ quanes uoꝰ par mon dieu ternagãt</Unicode>
        </TextEquiv>
      </TextLine>

      
      
      <TextLine id="eSc_line_515033f5" custom="structure {type:default;}">
        <Coords points="133,1237 133,1258 1433,1223 1433,1209 1428,1173 1369,1161 1366,1161 1364,1161 1316,1175 1306,1177 1079,1179 1074,1179 1042,1168 1040,1168 1037,1168 918,1182 888,1184 865,1182 780,1173 777,1173 609,1186 561,1191 543,1189 487,1179 485,1179 131,1196 133,1237"/>
        <Baseline points="133,1237 1433,1209"/>
        <TextEquiv conf="0.9826177389998185">
          <Unicode>ne dient paien mal das noꝰ est soumnat</Unicode>
        </TextEquiv>
      </TextLine>

      
      
      <TextLine id="eSc_line_b1554b5d" custom="structure {type:default;}">
        <Coords points="1180,1216 1161,1216 1143,1228 1014,1219 996,1221 973,1221 950,1221 927,1221 911,1221 837,1235 713,1225 697,1225 674,1225 655,1225 630,1239 609,1228 605,1228 582,1228 559,1230 536,1230 513,1230 490,1230 467,1230 462,1230 423,1244 324,1235 306,1235 285,1235 202,1248 121,1235 124,1285 124,1306 1463,1283 1463,1255 1456,1209 1251,1225 1201,1216 1180,1216"/>
        <Baseline points="124,1285 1463,1255"/>
        <TextEquiv conf="0.9590235123800677">
          <Unicode>ious sõmes de palerue ⁊ Ie lõme laiurrarl</Unicode>
        </TextEquiv>
      </TextLine>

      
      
      <TextLine id="eSc_line_193de5f1" custom="structure {type:default;}">
        <Coords points="605,1276 602,1276 600,1276 595,1281 582,1292 128,1292 131,1329 131,1359 195,1347 243,1359 248,1359 250,1359 260,1359 379,1345 400,1354 404,1357 407,1357 409,1357 529,1354 531,1354 533,1354 536,1352 545,1343 563,1352 568,1352 570,1352 572,1352 575,1352 579,1350 609,1340 890,1343 1198,1345 1201,1345 1203,1345 1244,1334 1254,1331 1263,1334 1297,1343 1300,1343 1302,1343 1304,1343 1348,1331 1357,1329 1373,1331 1438,1338 1440,1338 1557,1324 1560,1299 1553,1262 1440,1276 1364,1265 1352,1265 1350,1265 1348,1265 1341,1265 1297,1276 1221,1269 1203,1267 1201,1267 1198,1267 1196,1267 1194,1269 1175,1281 1104,1271 1102,1271 1099,1271 1003,1283 984,1274 980,1271 977,1271 975,1271 973,1271 971,1271 968,1274 954,1283 777,1278 710,1276 708,1276 706,1276 697,1278 669,1288 632,1281 607,1276 605,1276"/>
        <Baseline points="131,1329 1099,1322 1560,1299"/>
        <TextEquiv conf="0.9889166831970215">
          <Unicode>r uenismes en mer far maint riche calant</Unicode>
        </TextEquiv>
      </TextLine>

      
      
      <TextLine id="eSc_line_8ec68fbd" custom="structure {type:default;}">
        <Coords points="135,1377 135,1400 156,1407 161,1377 156,1345 135,1350 135,1377"/>
        <Baseline points="135,1377 161,1377"/>
        <TextEquiv conf="0.9443303346633911">
          <Unicode>¶</Unicode>
        </TextEquiv>
      </TextLine>

      
      
      <TextLine id="eSc_line_be6f0d8b" custom="structure {type:default;}">
        <Coords points="188,1377 188,1396 1288,1398 1290,1398 1465,1384 1468,1363 1461,1329 186,1331 188,1377"/>
        <Baseline points="188,1377 954,1377 1468,1363"/>
        <TextEquiv conf="0.9934241068668854">
          <Unicode>forte gent soestienne alameu encõtrant</Unicode>
        </TextEquiv>
      </TextLine>

      
      
      <TextLine id="eSc_line_a03cd991" custom="structure {type:default;}">
        <Coords points="138,1430 138,1455 211,1451 218,1455 223,1460 223,1462 225,1462 227,1462 230,1462 232,1462 248,1455 264,1451 312,1455 386,1465 388,1465 450,1455 506,1449 582,1455 655,1462 658,1462 701,1455 759,1446 881,1455 952,1460 954,1460 987,1455 1049,1444 1350,1453 1355,1421 1350,1386 135,1384 138,1430"/>
        <Baseline points="138,1430 1355,1421"/>
        <TextEquiv conf="0.9851361255388003">
          <Unicode>eux nous ꝯuatismes a lesper trenthant</Unicode>
        </TextEquiv>
      </TextLine>

      
      
      <TextLine id="eSc_line_dd8a2a0a" custom="structure {type:default;}">
        <Coords points="1044,1426 1037,1426 1026,1435 1017,1442 984,1435 966,1432 964,1432 920,1435 807,1446 784,1437 768,1430 766,1430 763,1430 761,1430 759,1430 750,1437 738,1446 697,1449 678,1437 674,1435 671,1435 669,1435 667,1435 664,1435 655,1437 625,1451 538,1439 515,1437 513,1437 490,1439 384,1455 365,1442 363,1442 361,1442 358,1442 124,1442 126,1494 126,1515 276,1524 278,1524 342,1513 388,1524 391,1524 393,1524 457,1511 508,1522 510,1522 513,1522 515,1522 572,1508 630,1520 632,1520 635,1520 681,1506 734,1517 736,1517 936,1513 938,1513 941,1513 957,1499 991,1511 994,1511 996,1511 1237,1506 1240,1506 1277,1492 1316,1504 1318,1504 1320,1504 1323,1504 1369,1490 1371,1490 1375,1490 1541,1499 1543,1499 1546,1499 1548,1499 1548,1497 1562,1485 1610,1485 1612,1458 1610,1430 1576,1414 1573,1414 1571,1414 1569,1414 1539,1426 1445,1414 1442,1414 1355,1432 1336,1437 1138,1439 1106,1435 1051,1423 1044,1426"/>
        <Baseline points="126,1494 959,1488 1612,1458"/>
        <TextEquiv conf="0.9880364015698433">
          <Unicode>et ly crescien noas fiorent tellement encauchãt</Unicode>
        </TextEquiv>
      </TextLine>

      
      
      <TextLine id="eSc_line_b3182116" custom="structure {type:default;}">
        <Coords points="915,1490 699,1508 664,1497 662,1497 660,1497 586,1511 487,1499 483,1499 480,1499 473,1499 347,1515 319,1504 317,1504 315,1504 260,1515 154,1506 156,1545 156,1566 699,1573 701,1573 814,1559 1003,1566 1005,1566 1007,1566 1037,1550 1129,1561 1132,1561 1134,1561 1136,1561 1136,1559 1138,1559 1148,1547 1258,1559 1260,1559 1263,1559 1293,1545 1316,1559 1318,1559 1320,1559 1323,1559 1325,1559 1369,1540 1369,1522 1359,1483 1318,1494 1306,1483 1304,1483 1302,1483 1300,1483 1279,1483 1090,1499 952,1490 938,1490 936,1490 915,1490"/>
        <Baseline points="156,1545 713,1550 1369,1522"/>
        <TextEquiv conf="0.9882637415613447">
          <Unicode>ne noꝰ y fumes tout matre ⁊ Rorernt</Unicode>
        </TextEquiv>
      </TextLine>

      
      
      <TextLine id="eSc_line_a80b9008" custom="structure {type:default;}">
        <Coords points="131,1612 131,1632 768,1628 770,1628 816,1616 826,1614 844,1614 947,1623 950,1623 1060,1609 1132,1619 1134,1619 1378,1598 1378,1568 1371,1531 1226,1534 1224,1534 1221,1534 1221,1536 1219,1536 1208,1550 1143,1536 1138,1536 1136,1536 1134,1536 1132,1536 1081,1552 1021,1540 1019,1540 1017,1540 989,1554 961,1543 959,1543 957,1543 954,1543 952,1543 936,1557 513,1557 510,1557 400,1570 386,1559 386,1557 384,1557 381,1557 379,1557 273,1570 250,1559 248,1559 246,1559 243,1559 209,1575 128,1561 131,1612"/>
        <Baseline points="131,1612 1046,1596 1378,1568"/>
        <TextEquiv conf="0.9782655384482407">
          <Unicode>Nors fu iy auuraux qui aprisier fist tant</Unicode>
        </TextEquiv>
      </TextLine>

      
      
      <TextLine id="eSc_line_bdc41e9e" custom="structure {type:default;}">
        <Coords points="1122,1591 1113,1591 1079,1607 968,1609 874,1600 869,1600 846,1600 823,1600 805,1600 789,1614 745,1605 743,1605 662,1619 526,1609 524,1609 522,1609 462,1623 381,1609 375,1609 372,1609 370,1609 368,1609 368,1612 365,1612 354,1626 294,1614 292,1614 289,1614 287,1614 262,1632 209,1632 190,1619 190,1616 188,1616 186,1616 184,1616 133,1616 135,1669 135,1688 179,1701 181,1701 184,1701 186,1701 250,1685 253,1685 255,1685 361,1697 363,1697 439,1683 506,1692 508,1692 510,1692 566,1676 710,1683 713,1683 715,1683 740,1669 743,1669 752,1669 865,1681 867,1681 869,1681 906,1667 968,1678 971,1678 973,1678 975,1678 998,1662 1120,1674 1122,1674 1125,1674 1196,1655 1208,1665 1208,1667 1210,1667 1212,1667 1214,1669 1302,1669 1302,1667 1304,1667 1362,1651 1364,1649 1532,1644 1532,1616 1525,1575 1424,1577 1421,1577 1419,1577 1419,1580 1417,1580 1408,1591 1355,1580 1352,1580 1350,1580 1348,1580 1346,1580 1346,1582 1343,1582 1334,1593 1318,1582 1316,1582 1313,1582 1311,1582 1249,1596 1208,1586 1205,1586 1203,1586 1201,1586 1198,1586 1198,1589 1196,1589 1187,1603 1141,1589 1122,1591"/>
        <Baseline points="135,1669 1033,1655 1532,1616"/>
        <TextEquiv conf="0.9932693215933713">
          <Unicode>ent crescienne lout ochis ly selon sondoiant</Unicode>
        </TextEquiv>
      </TextLine>

      
      
      <TextLine id="eSc_line_d0094fb1" custom="structure {type:default;}">
        <Coords points="1132,1649 1129,1649 1127,1649 1118,1653 1097,1665 913,1660 904,1660 901,1660 897,1660 823,1672 798,1662 791,1660 777,1660 754,1660 747,1660 729,1665 687,1674 632,1667 584,1662 570,1665 563,1665 533,1672 485,1683 179,1683 181,1722 181,1754 250,1754 250,1752 253,1752 255,1752 255,1750 269,1738 375,1745 416,1747 418,1747 421,1747 430,1743 448,1734 676,1734 927,1734 929,1734 1000,1720 1030,1715 1035,1720 1044,1727 1044,1729 1046,1729 1049,1729 1051,1729 1053,1729 1074,1718 1088,1729 1090,1729 1092,1729 1095,1729 1175,1727 1178,1727 1180,1727 1198,1713 1203,1711 1208,1713 1233,1724 1235,1724 1237,1724 1240,1724 1295,1708 1300,1708 1304,1708 1350,1722 1352,1722 1355,1722 1357,1722 1398,1706 1435,1715 1438,1715 1440,1715 1525,1699 1525,1676 1520,1642 1355,1639 1352,1639 1350,1639 1329,1646 1309,1653 1281,1649 1256,1644 1254,1644 1251,1644 1231,1649 1184,1662 1148,1651 1134,1649 1132,1649"/>
        <Baseline points="181,1722 1115,1704 1525,1676"/>
        <TextEquiv conf="0.9820923630784197">
          <Unicode>sy nous ont arres de corps et de samblant</Unicode>
        </TextEquiv>
      </TextLine>

      
      
      <TextLine id="eSc_line_fd147679" custom="structure {type:default;}">
        <Coords points="1136,1704 1113,1706 1090,1706 1067,1706 1044,1706 1010,1706 998,1708 975,1708 971,1708 170,1731 172,1780 172,1805 1419,1759 1419,1741 1412,1695 1143,1701 1136,1704"/>
        <Baseline points="172,1780 1419,1741"/>
        <TextEquiv conf="0.972209212027098">
          <Unicode>menons lanuras sur le destrier courant</Unicode>
        </TextEquiv>
      </TextLine>

      
      
      <TextLine id="eSc_line_00f8093f" custom="structure {type:default;}">
        <Coords points="1398,1743 1394,1743 1371,1750 1346,1757 1325,1752 1300,1745 1297,1745 1295,1745 1260,1745 1260,1747 1258,1747 1118,1757 936,1770 906,1764 885,1759 883,1759 881,1759 830,1766 752,1777 736,1768 724,1764 722,1764 720,1764 717,1764 704,1770 683,1780 651,1770 628,1766 625,1766 623,1766 584,1773 529,1784 471,1777 439,1773 437,1773 434,1773 421,1777 393,1791 225,1796 158,1787 161,1830 165,1860 184,1849 200,1858 209,1862 211,1862 213,1862 388,1856 391,1856 404,1849 427,1839 460,1846 476,1851 478,1851 480,1851 549,1844 630,1835 669,1839 729,1844 731,1844 734,1844 752,1835 763,1830 798,1833 867,1839 869,1839 872,1839 897,1828 911,1823 941,1828 1005,1835 1007,1835 1010,1835 1012,1835 1012,1833 1023,1823 1026,1823 1069,1830 1072,1830 1074,1830 1076,1830 1076,1828 1086,1821 1090,1816 1104,1821 1145,1830 1148,1830 1150,1830 1152,1830 1155,1830 1155,1828 1166,1816 1168,1814 1173,1816 1194,1828 1196,1828 1198,1828 1201,1828 1237,1816 1260,1826 1263,1826 1265,1826 1267,1826 1270,1826 1270,1823 1283,1812 1288,1810 1295,1812 1341,1823 1343,1823 1346,1823 1592,1798 1592,1777 1587,1745 1417,1738 1415,1738 1412,1738 1398,1741 1398,1743"/>
        <Baseline points="161,1830 975,1812 1592,1777"/>
        <TextEquiv conf="0.9879906665195118">
          <Unicode>t quant seuei lentendy sen ot le cuer golant</Unicode>
        </TextEquiv>
      </TextLine>

      
      
      <TextLine id="eSc_line_6e8e152b" custom="structure {type:default;}">
        <Coords points="593,1821 536,1835 517,1837 492,1835 398,1828 395,1828 393,1828 391,1828 372,1842 370,1842 368,1842 340,1830 338,1830 335,1830 225,1846 223,1846 174,1835 172,1835 170,1835 167,1835 165,1835 165,1837 158,1842 161,1883 161,1913 207,1904 230,1911 250,1918 253,1918 255,1918 257,1918 283,1908 317,1897 402,1904 490,1911 492,1911 494,1911 497,1911 515,1899 529,1890 593,1897 681,1904 683,1904 685,1904 687,1904 704,1890 713,1885 727,1890 759,1902 761,1902 763,1902 890,1888 957,1897 959,1897 961,1897 1040,1876 1056,1874 1076,1876 1161,1885 1164,1885 1362,1862 1364,1842 1357,1800 662,1833 641,1830 595,1821 593,1821"/>
        <Baseline points="161,1883 846,1872 1364,1842"/>
        <TextEquiv conf="0.9833635891738691">
          <Unicode>son guoli de qurtat uales dauens minat</Unicode>
        </TextEquiv>
      </TextLine>

      
      
      <TextLine id="eSc_line_944143c5" custom="structure {type:default;}">
        <Coords points="835,1874 832,1874 830,1874 828,1874 828,1876 826,1876 823,1879 814,1890 577,1883 517,1883 515,1883 513,1883 506,1885 469,1899 411,1888 400,1885 398,1885 395,1885 393,1885 391,1888 368,1904 225,1906 147,1892 149,1943 149,1968 407,1954 575,1957 717,1957 720,1957 722,1957 738,1950 747,1945 851,1945 1079,1948 1081,1948 1083,1948 1106,1936 1115,1936 1244,1943 1247,1943 1249,1943 1251,1943 1251,1941 1263,1931 1316,1941 1318,1941 1320,1941 1346,1927 1346,1911 1341,1872 1254,1862 1251,1862 1187,1874 1141,1881 1127,1874 1113,1867 1111,1867 1109,1867 1106,1867 1086,1874 1063,1883 1035,1876 1010,1869 1007,1869 1005,1869 1003,1869 987,1876 968,1888 883,1888 853,1879 837,1874 835,1874"/>
        <Baseline points="149,1943 1346,1911"/>
        <TextEquiv conf="0.9556052912222711">
          <Unicode>augure iuy uout uisti miẽt crecordãt</Unicode>
        </TextEquiv>
      </TextLine>

      
      
      <TextLine id="eSc_line_b2ac211f" custom="structure {type:default;}">
        <Coords points="556,1934 554,1934 552,1934 549,1934 549,1936 536,1948 450,1936 448,1936 437,1936 434,1936 418,1938 322,1952 218,1943 220,1991 223,2023 253,2010 283,2021 285,2021 287,2021 289,2021 329,2007 411,2017 432,2019 434,2019 437,2019 439,2019 441,2017 453,2005 471,2014 476,2017 478,2017 480,2017 651,2014 704,2007 770,1998 812,2003 860,2010 862,2010 920,2000 945,1996 952,1998 968,2007 971,2007 973,2007 1408,1982 1408,1966 1401,1918 1295,1931 1214,1920 1203,1920 1201,1920 1171,1922 973,1938 920,1927 915,1927 913,1927 911,1927 908,1927 881,1938 750,1931 747,1931 745,1931 743,1931 621,1945 566,1934 563,1934 556,1934"/>
        <Baseline points="220,1991 1408,1966"/>
        <TextEquiv conf="0.9844096321048159">
          <Unicode>ien preze gergan lu aporte deuant</Unicode>
        </TextEquiv>
      </TextLine>

      
      
      <TextLine id="eSc_line_120b79a9" custom="structure {type:default;}">
        <Coords points="1725,1987 1702,1980 1679,1973 1672,1971 1619,1964 1617,1964 1497,1966 1495,1966 1493,1966 1470,1980 1385,1968 1382,1968 1279,1984 1256,1987 1237,1984 1182,1977 1180,1977 1037,1987 966,1991 959,1989 936,1977 934,1977 931,1977 881,1989 855,1994 819,1989 770,1984 768,1984 662,1991 529,2000 494,1994 462,1987 460,1987 457,1987 439,1994 418,2003 400,1994 386,1989 384,1989 381,1989 347,1996 294,2005 184,1998 186,2040 186,2067 202,2079 204,2079 207,2079 209,2081 303,2081 303,2079 423,2058 444,2067 446,2067 448,2067 660,2053 662,2053 876,2065 878,2065 881,2065 911,2049 936,2063 938,2063 941,2063 943,2063 989,2049 1040,2063 1042,2063 1044,2063 1046,2063 1090,2051 1132,2063 1134,2063 1136,2063 1138,2063 1141,2063 1157,2049 1378,2058 1380,2058 1514,2040 1612,2053 1615,2053 1695,2051 1698,2051 1739,2030 1739,2010 1737,2003 1725,1987"/>
        <Baseline points="186,2040 1739,2010"/>
        <TextEquiv conf="0.9712073604265848">
          <Unicode>e quant le roy qurtat̾ le uitauort et souglam</Unicode>
        </TextEquiv>
      </TextLine>

      
      
      <TextLine id="eSc_line_4c94942b" custom="structure {type:default;}">
        <Coords points="188,2099 188,2122 402,2118 423,2122 464,2134 467,2134 469,2134 471,2134 473,2134 473,2132 485,2122 492,2116 540,2116 554,2122 572,2132 575,2132 577,2132 579,2132 612,2122 639,2113 648,2122 655,2127 655,2129 658,2129 660,2129 662,2129 664,2129 685,2120 699,2116 706,2120 715,2129 717,2129 720,2129 722,2132 780,2132 780,2129 869,2120 961,2111 994,2120 1012,2125 1014,2125 1017,2125 1019,2125 1030,2120 1053,2109 1157,2118 1201,2122 1203,2122 1205,2122 1212,2118 1235,2106 1350,2116 1352,2116 1355,2116 1357,2116 1371,2102 1410,2118 1412,2118 1415,2118 1417,2118 1539,2118 1566,2116 1569,2116 1571,2116 1587,2102 1663,2116 1668,2076 1663,2037 1518,2026 1516,2026 1514,2026 1511,2026 1495,2037 1493,2040 1477,2037 1426,2030 1424,2030 1346,2040 1316,2042 1306,2040 1277,2030 1274,2030 1272,2030 1270,2030 1267,2030 1267,2033 1258,2040 1256,2042 1247,2040 1208,2033 1205,2033 1122,2042 1069,2046 1030,2042 973,2035 971,2035 968,2035 943,2042 922,2049 858,2044 780,2037 777,2037 775,2037 773,2037 763,2044 757,2051 727,2044 697,2040 694,2040 186,2049 188,2099"/>
        <Baseline points="188,2099 1668,2076"/>
        <TextEquiv conf="0.9843046159847922">
          <Unicode>ur le corpl de son frere se ua Q. fois pasmãt</Unicode>
        </TextEquiv>
      </TextLine>

      
      
      <TextLine id="eSc_line_f941e1a9" custom="structure {type:default;}">
        <Coords points="151,2155 154,2187 200,2175 299,2185 306,2185 308,2185 310,2185 312,2185 356,2173 513,2180 552,2182 554,2182 577,2180 641,2171 715,2178 752,2180 754,2180 1387,2164 1389,2141 1382,2093 1288,2109 1072,2109 1044,2099 1040,2097 1037,2097 1035,2097 1021,2099 957,2111 853,2102 809,2099 807,2099 805,2099 791,2104 761,2113 669,2106 607,2102 605,2102 602,2102 586,2109 572,2113 485,2109 354,2104 352,2104 149,2116 151,2155"/>
        <Baseline points="151,2155 1389,2141"/>
        <TextEquiv conf="0.9680045537459545">
          <Unicode>In malion dist Il or ne uaux te un gant</Unicode>
        </TextEquiv>
      </TextLine>

      
      
      <TextLine id="eSc_line_bf6e0e77" custom="structure {type:default;}">
        <Coords points="1369,2143 1346,2143 1323,2143 1311,2143 1309,2143 1306,2143 1263,2164 1171,2145 1166,2143 1161,2145 1138,2145 1129,2145 1113,2148 1005,2166 975,2152 973,2152 971,2152 968,2152 911,2166 687,2157 632,2155 630,2155 628,2155 625,2155 621,2157 607,2166 586,2159 582,2157 579,2157 577,2157 549,2159 467,2168 455,2162 446,2152 444,2152 441,2152 439,2152 437,2152 398,2162 384,2166 379,2162 368,2152 356,2152 333,2155 329,2155 306,2164 292,2168 151,2168 151,2205 151,2237 246,2224 296,2237 319,2244 322,2244 324,2244 326,2244 352,2237 386,2228 476,2235 563,2242 566,2242 568,2242 591,2233 607,2226 621,2233 639,2242 641,2242 644,2242 646,2242 674,2233 697,2224 759,2231 862,2242 865,2242 952,2228 996,2242 998,2242 1000,2242 1166,2228 1237,2240 1240,2240 1242,2240 1244,2240 1265,2224 1281,2237 1283,2237 1286,2237 1288,2237 1290,2237 1357,2219 1362,2219 1369,2219 1417,2233 1419,2233 1421,2233 1424,2233 1426,2233 1445,2219 1449,2217 1615,2217 1617,2182 1610,2139 1369,2141 1369,2143"/>
        <Baseline points="151,2205 1164,2212 1617,2182"/>
        <TextEquiv conf="0.9767486664983961">
          <Unicode>diu estly hour ou moiõt en che su cle unuãt</Unicode>
        </TextEquiv>
      </TextLine>

      
      
      <TextLine id="eSc_line_1e76d0c8" custom="structure {type:default;}">
        <Coords points="952,2212 950,2212 947,2212 922,2217 878,2228 851,2217 835,2212 832,2212 830,2212 763,2214 761,2214 759,2214 759,2217 757,2219 743,2231 648,2219 612,2214 609,2214 607,2214 605,2214 600,2219 577,2231 437,2228 427,2219 423,2214 421,2214 418,2214 416,2214 391,2219 342,2231 308,2219 292,2214 289,2214 287,2214 188,2219 190,2265 190,2293 462,2281 503,2295 513,2297 515,2297 517,2297 533,2295 584,2281 598,2293 600,2293 602,2293 605,2293 720,2283 761,2295 770,2297 773,2297 775,2297 777,2297 784,2295 807,2281 821,2295 823,2295 823,2297 826,2297 828,2297 830,2297 961,2295 964,2295 1005,2279 1046,2295 1049,2295 1051,2295 1056,2295 1118,2279 1134,2293 1134,2295 1136,2295 1138,2295 1141,2297 1226,2297 1226,2295 1228,2295 1231,2295 1258,2279 1364,2279 1419,2295 1426,2256 1419,2217 980,2228 961,2217 954,2212 952,2212"/>
        <Baseline points="190,2265 1003,2267 1426,2256"/>
        <TextEquiv conf="0.9855533165809436">
          <Unicode>au ait en le cuer ne iardemẽt sy grant</Unicode>
        </TextEquiv>
      </TextLine>

      
      
      <TextLine id="eSc_line_cd15d68a" custom="structure {type:default;}">
        <Coords points="559,2267 556,2267 554,2267 517,2281 513,2281 510,2281 471,2267 469,2267 467,2267 349,2279 280,2267 280,2267 257,2267 255,2267 188,2279 188,2316 186,2341 266,2341 269,2341 283,2355 283,2357 285,2357 287,2357 289,2357 292,2357 294,2357 294,2355 310,2341 312,2339 577,2336 589,2341 632,2364 635,2364 637,2366 775,2366 775,2364 777,2364 821,2341 826,2339 828,2341 849,2359 851,2359 853,2359 904,2366 906,2369 991,2369 991,2366 994,2366 1035,2346 1092,2366 1095,2366 1097,2366 1182,2355 1210,2369 1212,2369 1214,2371 1302,2371 1302,2369 1304,2369 1306,2369 1306,2366 1332,2343 1442,2343 1445,2313 1440,2281 1380,2274 1378,2274 1375,2274 1359,2281 1339,2288 1279,2281 1233,2274 1231,2274 1201,2281 1161,2288 1113,2281 1063,2272 1060,2272 964,2281 892,2286 821,2281 704,2270 701,2270 628,2281 600,2283 591,2281 561,2267 559,2267"/>
        <Baseline points="188,2316 1249,2327 1445,2313"/>
        <TextEquiv conf="0.9689657672857627">
          <Unicode>ochire le nien frere lamiras souffisant</Unicode>
        </TextEquiv>
      </TextLine>

      
      
      <TextLine id="eSc_line_f05721c3" custom="structure {type:default;}">
        <Coords points="170,2378 167,2401 651,2401 752,2405 959,2419 961,2419 1097,2408 1106,2408 1111,2408 1161,2419 1164,2419 1166,2419 1189,2408 1191,2405 1191,2408 1205,2419 1205,2421 1208,2421 1210,2421 1212,2421 1461,2408 1463,2387 1458,2343 1348,2355 1327,2341 1325,2339 1323,2339 1320,2339 1318,2339 1316,2339 1313,2339 1313,2341 1297,2357 1219,2357 1180,2339 1178,2339 1175,2339 1173,2339 1168,2339 1104,2352 1083,2339 1083,2336 1081,2336 1079,2336 1076,2336 1074,2336 1072,2336 1042,2355 964,2355 878,2336 876,2336 874,2336 872,2336 853,2352 727,2352 582,2350 554,2332 552,2332 549,2332 547,2332 545,2332 365,2341 333,2329 331,2329 329,2329 326,2329 285,2346 170,2327 170,2378"/>
        <Baseline points="170,2378 920,2392 1463,2387"/>
        <TextEquiv conf="0.988629492691585">
          <Unicode>are dient paien mal en aies parlant</Unicode>
        </TextEquiv>
      </TextLine>

      
      
      <TextLine id="eSc_line_46c1557e" custom="structure {type:default;}">
        <Coords points="1695,2401 1675,2387 1672,2387 1670,2387 1668,2387 1500,2401 1468,2387 1465,2387 1463,2387 1461,2387 1456,2387 1456,2389 1454,2389 1412,2403 1408,2403 1401,2401 1366,2389 1364,2389 1346,2389 1323,2401 1318,2405 710,2405 678,2392 667,2387 651,2387 628,2387 605,2387 582,2387 559,2387 289,2387 287,2387 285,2387 283,2387 253,2403 239,2389 236,2389 234,2389 170,2387 170,2433 170,2467 204,2474 207,2474 209,2474 223,2467 255,2451 299,2467 312,2472 315,2472 317,2472 319,2472 331,2467 361,2451 600,2451 621,2465 623,2467 625,2467 628,2467 630,2467 655,2465 731,2451 761,2463 789,2474 791,2474 793,2477 1060,2477 1060,2474 1063,2474 1092,2461 1097,2458 1104,2461 1145,2474 1148,2474 1150,2474 1306,2458 1313,2458 1316,2458 1336,2474 1339,2474 1341,2474 1343,2477 1421,2477 1421,2474 1424,2474 1461,2456 1463,2456 1700,2456 1702,2428 1700,2415 1695,2401"/>
        <Baseline points="170,2433 1053,2444 1702,2428"/>
        <TextEquiv conf="0.9960078863387413">
          <Unicode>lui qui uo frerr out mort uoꝰ en gardent autait</Unicode>
        </TextEquiv>
      </TextLine>

      
      
      <TextLine id="eSc_line_3d1ff66b" custom="structure {type:default;}">
        <Coords points="195,2490 195,2516 303,2516 308,2516 333,2534 335,2534 338,2534 340,2534 342,2534 398,2516 400,2516 402,2516 434,2525 437,2525 439,2525 490,2516 506,2513 584,2516 1118,2532 1120,2532 1214,2520 1468,2527 1470,2527 1472,2527 1474,2527 1500,2511 1504,2509 1578,2509 1583,2486 1578,2451 1451,2440 1449,2440 1447,2440 1445,2440 1445,2442 1433,2451 1421,2463 1327,2463 1295,2451 1265,2442 1263,2442 1260,2442 1258,2442 1240,2451 1219,2463 924,2463 876,2454 858,2449 855,2449 853,2449 844,2454 812,2465 784,2454 780,2451 777,2451 775,2451 761,2454 697,2465 674,2454 662,2447 660,2447 658,2447 531,2451 529,2451 526,2451 526,2454 524,2454 517,2461 508,2454 503,2449 501,2449 499,2449 497,2449 193,2454 195,2490"/>
        <Baseline points="195,2490 623,2490 1040,2509 1583,2486"/>
        <TextEquiv conf="0.9678296177852445">
          <Unicode>main area uataile qi le uous pos maindant</Unicode>
        </TextEquiv>
      </TextLine>

      
      
      <TextLine id="eSc_line_ce5de1eb" custom="structure {type:default;}">
        <Coords points="184,2550 184,2573 266,2566 289,2573 315,2580 317,2580 319,2580 322,2580 340,2571 358,2564 427,2564 444,2571 457,2578 460,2578 462,2578 464,2578 467,2578 476,2571 480,2564 595,2562 614,2569 641,2578 644,2578 646,2578 648,2578 678,2566 694,2562 710,2566 745,2578 747,2578 750,2578 846,2566 872,2578 874,2578 876,2578 982,2562 1007,2559 1012,2562 1026,2573 1026,2576 1028,2576 1030,2576 1033,2576 1127,2562 1161,2576 1164,2576 1166,2576 1168,2576 1208,2559 1233,2576 1235,2576 1237,2576 1240,2576 1339,2557 1343,2557 1346,2557 1392,2573 1394,2573 1396,2576 1479,2576 1479,2573 1481,2573 1516,2557 1539,2573 1541,2573 1543,2573 1546,2573 1548,2573 1550,2573 1571,2555 1571,2532 1564,2502 915,2518 839,2518 828,2507 826,2504 826,2502 823,2502 821,2502 819,2502 816,2502 803,2507 766,2516 731,2507 706,2500 704,2500 701,2500 586,2507 430,2518 407,2509 395,2504 393,2504 391,2504 388,2504 370,2509 345,2516 331,2509 317,2502 315,2502 312,2502 181,2509 184,2550"/>
        <Baseline points="184,2550 1182,2550 1571,2532"/>
        <TextEquiv conf="0.9682030564262754">
          <Unicode>ar par nuit et par pur ⁊ nese uout cessant</Unicode>
        </TextEquiv>
      </TextLine>

      
      
      <TextLine id="eSc_line_0d8fbc4c" custom="structure {type:default;}">
        <Coords points="1189,2550 1171,2550 1132,2569 911,2569 862,2555 853,2553 844,2553 832,2553 828,2555 805,2566 766,2555 757,2553 752,2553 729,2553 706,2553 701,2553 669,2557 646,2559 641,2557 637,2553 614,2553 591,2553 568,2553 545,2553 533,2553 526,2557 517,2564 471,2559 416,2553 414,2553 411,2553 409,2553 400,2559 391,2564 384,2559 370,2553 361,2553 347,2553 338,2559 329,2564 292,2562 292,2601 289,2624 520,2617 577,2628 582,2628 584,2628 589,2628 639,2617 717,2628 720,2628 722,2628 724,2628 805,2617 913,2631 927,2631 929,2631 945,2631 1063,2619 1076,2631 1079,2631 1081,2631 1083,2633 1316,2633 1318,2605 1313,2550 1254,2562 1191,2550 1189,2550"/>
        <Baseline points="292,2601 1318,2605"/>
        <TextEquiv conf="0.9699217927071356">
          <Unicode>euir enuerane se uout a restant</Unicode>
        </TextEquiv>
      </TextLine>

      
      
      <TextLine id="eSc_line_30b1d400" custom="structure {type:default;}">
        <Coords points="1304,2605 1302,2605 1293,2615 1072,2615 885,2608 832,2605 821,2605 812,2603 780,2603 777,2603 743,2610 713,2617 687,2612 648,2603 637,2603 614,2603 609,2603 575,2615 566,2617 556,2615 522,2603 522,2603 499,2603 476,2603 453,2603 430,2603 407,2603 393,2603 365,2619 349,2603 338,2603 315,2603 292,2603 289,2601 250,2601 248,2601 246,2601 243,2601 223,2615 225,2656 225,2672 368,2686 370,2686 372,2686 400,2672 404,2670 418,2672 467,2679 469,2679 600,2670 635,2668 639,2670 655,2684 658,2684 660,2684 662,2684 664,2684 697,2668 699,2668 727,2684 729,2684 731,2684 734,2684 736,2684 736,2681 752,2668 754,2665 828,2665 846,2668 934,2681 936,2681 938,2681 980,2665 982,2665 996,2679 996,2681 998,2681 1000,2681 1003,2684 1074,2684 1074,2681 1622,2658 1624,2633 1619,2592 1359,2592 1357,2592 1316,2594 1313,2594 1311,2594 1311,2596 1309,2599 1304,2601 1304,2605"/>
        <Baseline points="225,2656 1219,2656 1624,2633"/>
        <TextEquiv conf="0.9840518661907741">
          <Unicode>dessegie ⁊ le pape out uouleil mõlt grant</Unicode>
        </TextEquiv>
      </TextLine>

      
      
      <TextLine id="eSc_line_59787770" custom="structure {type:default;}">
        <Coords points="1369,2649 1355,2649 1316,2661 174,2661 174,2704 174,2734 246,2723 287,2734 310,2739 312,2739 315,2739 437,2737 439,2737 460,2730 487,2720 497,2730 499,2732 501,2732 503,2732 506,2732 526,2730 572,2720 582,2727 593,2737 595,2737 598,2737 600,2737 715,2734 717,2734 720,2734 720,2732 729,2725 731,2723 754,2725 853,2734 855,2734 938,2723 1352,2730 1355,2730 1357,2730 1424,2711 1431,2709 1661,2707 1663,2677 1656,2642 1424,2658 1375,2647 1369,2649"/>
        <Baseline points="174,2704 1212,2704 1663,2677"/>
        <TextEquiv conf="0.9648454880172556">
          <Unicode>dr mahon dist hurtat mal lerir est couurnant</Unicode>
        </TextEquiv>
      </TextLine>

      
      
      <TextLine id="eSc_line_c1e617b9" custom="structure {type:default;}">
        <Coords points="179,2762 179,2778 625,2789 628,2789 715,2776 727,2776 759,2776 1035,2787 1037,2787 1040,2787 1042,2787 1042,2785 1053,2776 1111,2787 1113,2787 1491,2771 1493,2746 1488,2707 1396,2707 1394,2707 1392,2707 1389,2707 1375,2718 1300,2707 1290,2707 1288,2707 1267,2707 1111,2720 1014,2709 1000,2709 998,2709 943,2711 687,2720 669,2714 660,2709 658,2709 655,2709 653,2709 641,2714 612,2723 566,2714 549,2711 547,2711 517,2714 444,2723 407,2716 386,2711 384,2711 381,2711 365,2716 335,2723 177,2718 179,2762"/>
        <Baseline points="179,2762 1362,2757 1493,2746"/>
        <TextEquiv conf="0.9662988656445554">
          <Unicode>eux me cõbatray mouit le roy destrant</Unicode>
        </TextEquiv>
      </TextLine>

      
      
      <TextLine id="eSc_line_57738354" custom="structure {type:default;}">
        <Coords points="1557,2799 1560,2824 1629,2808 1629,2792 1619,2739 1550,2739 1557,2799"/>
        <Baseline points="1557,2799 1629,2792"/>
        <TextEquiv conf="0.999925971031189">
          <Unicode>6</Unicode>
        </TextEquiv>
      </TextLine>

      
      
      <TextLine id="eSc_line_3931e5eb" custom="structure {type:default;}">
        <Coords points="232,2815 232,2845 287,2833 503,2840 566,2842 568,2842 1306,2826 1309,2808 1302,2766 230,2773 232,2815"/>
        <Baseline points="232,2815 1309,2808"/>
        <TextEquiv conf="0.9664154847462972">
          <Unicode>strere gentisz de palerne auurant</Unicode>
        </TextEquiv>
      </TextLine>

      
      
      <TextLine id="eSc_line_71b8dbab" custom="structure {type:default;}">
        <Coords points="404,2815 402,2815 400,2815 391,2815 384,2815 220,2826 161,2815 161,2861 161,2881 246,2881 264,2895 266,2895 269,2895 271,2895 630,2881 662,2881 664,2881 681,2895 683,2895 685,2895 687,2895 874,2886 936,2898 938,2900 1026,2900 1026,2898 1028,2898 1030,2898 1030,2895 1044,2884 1076,2884 1173,2884 1184,2895 1184,2898 1187,2898 1189,2898 1191,2898 1194,2898 1196,2898 1210,2886 1233,2898 1235,2898 1237,2898 1240,2898 1263,2886 1316,2898 1318,2898 1610,2884 1612,2865 1610,2822 421,2826 407,2815 404,2815"/>
        <Baseline points="161,2861 1612,2865"/>
        <TextEquiv conf="0.979956519036066">
          <Unicode>a fimes auoy et uous enfans ou Roy soidant</Unicode>
        </TextEquiv>
      </TextLine>

      
      
      <TextLine id="eSc_line_c130fe21" custom="structure {type:default;}">
        <Coords points="170,2916 170,2939 363,2932 370,2939 377,2944 377,2946 379,2946 381,2946 384,2948 549,2948 549,2946 552,2946 554,2946 554,2944 563,2937 568,2932 715,2932 761,2934 883,2946 885,2946 950,2934 971,2930 987,2934 1026,2944 1028,2944 1030,2944 1134,2932 1138,2932 1150,2941 1150,2944 1152,2944 1155,2944 1157,2944 1226,2932 1237,2930 1242,2932 1265,2944 1267,2944 1270,2946 1553,2946 1553,2944 1555,2944 1603,2927 1603,2911 1599,2872 204,2870 202,2870 200,2870 167,2881 170,2916"/>
        <Baseline points="170,2916 1603,2911"/>
        <TextEquiv conf="0.9893195941334679">
          <Unicode>ascre ⁊ rnies pr mesqs ⁊ le taist daiemant</Unicode>
        </TextEquiv>
      </TextLine>

      
      
      <TextLine id="eSc_line_6751682b" custom="structure {type:default;}">
        <Coords points="1723,2930 1716,2925 977,2930 957,2918 957,2916 954,2916 952,2916 950,2916 947,2916 945,2916 945,2918 922,2930 897,2918 895,2918 892,2918 800,2930 766,2916 763,2916 761,2916 759,2916 757,2916 678,2927 662,2916 644,2916 621,2916 598,2916 575,2916 554,2916 540,2930 345,2930 207,2916 184,2916 181,2911 161,2911 161,2960 158,2973 248,2989 250,2989 253,2989 299,2976 324,2999 326,2999 329,2999 331,3001 494,3001 494,2999 497,2999 543,2978 600,2992 602,2992 605,2992 775,2978 777,2978 826,3001 828,3001 830,3001 832,3001 874,2983 895,2996 897,2996 899,2996 1000,3001 1003,3001 1005,3001 1049,2980 1081,2994 1083,2994 1086,2994 1088,2994 1138,2980 1168,3001 1171,3001 1173,3001 1175,3001 1272,2992 1288,3003 1290,3003 1293,3003 1295,3006 1560,3006 1560,3003 1562,3003 1622,2983 1734,2983 1737,2955 1730,2934 1723,2930"/>
        <Baseline points="161,2960 1500,2969 1737,2955"/>
        <TextEquiv conf="0.9950091445987875">
          <Unicode>duis que Ie ubus uoy mort or naige nulgarant</Unicode>
        </TextEquiv>
      </TextLine>

      
      
      <TextLine id="eSc_line_092addac" custom="structure {type:default;}">
        <Coords points="179,3006 177,3035 225,3031 257,3040 280,3045 283,3045 285,3045 287,3045 289,3045 296,3040 303,3033 315,3040 345,3054 347,3054 349,3054 352,3054 354,3054 354,3052 370,3040 377,3033 407,3033 416,3040 425,3047 425,3049 427,3049 430,3049 432,3049 517,3042 563,3058 566,3058 568,3058 570,3058 614,3045 662,3061 664,3061 667,3061 669,3061 671,3061 694,3047 763,3063 766,3063 865,3040 881,3038 929,3038 934,3040 994,3072 996,3072 998,3072 1000,3072 1042,3052 1099,3072 1102,3072 1104,3072 1106,3072 1109,3072 1138,3047 1265,3065 1267,3065 1366,3042 1369,3042 1410,3075 1412,3075 1415,3075 1461,3077 1463,3079 1592,3079 1592,3077 1594,3077 1705,3042 1707,3031 1705,2992 1624,2980 1622,2980 1619,2980 1617,2980 1606,2989 1594,2996 1491,2996 1435,2987 1380,2978 1378,2978 1375,2978 1348,2985 1320,2992 1302,2985 1288,2978 1286,2978 1283,2978 1256,2983 1214,2992 1168,2983 1136,2976 1134,2976 1132,2976 1111,2980 1074,2989 1021,2980 1010,2978 1007,2978 1005,2978 1003,2978 982,2989 786,2989 736,2976 722,2971 720,2971 717,2971 715,2971 704,2973 662,2985 614,2973 612,2973 609,2973 605,2973 335,2983 312,2969 310,2969 308,2969 179,2966 179,3006"/>
        <Baseline points="179,3006 510,3024 1707,3031"/>
        <TextEquiv conf="0.9930012140955243">
          <Unicode>e⁊ me uoray conbatze en uostremort uengant</Unicode>
        </TextEquiv>
      </TextLine>

      
      
      <TextLine id="eSc_line_d2567206" custom="structure {type:default;}">
        <Coords points="536,3026 533,3026 531,3026 508,3029 462,3038 434,3029 423,3024 421,3024 418,3024 395,3026 335,3035 292,3024 283,3022 280,3022 278,3022 266,3024 218,3033 174,3022 172,3068 170,3093 1320,3116 1325,3086 1325,3052 1180,3035 1178,3035 1175,3035 1145,3047 1141,3047 1136,3045 1111,3035 1109,3035 1106,3035 1104,3035 1074,3045 1063,3047 901,3047 897,3040 895,3035 892,3035 892,3033 890,3033 888,3033 885,3033 731,3035 554,3038 543,3031 538,3026 536,3026"/>
        <Baseline points="172,3068 1325,3086"/>
        <TextEquiv conf="0.9628242586340223">
          <Unicode>adour firont sonner ⁊cor et olifant</Unicode>
        </TextEquiv>
      </TextLine>

      
      
      <TextLine id="eSc_line_f4d38b32" custom="structure {type:default;}">
        <Coords points="165,3141 246,3160 248,3160 329,3146 368,3157 370,3157 372,3157 448,3148 464,3160 467,3160 469,3160 471,3160 618,3150 641,3162 644,3162 646,3162 648,3162 683,3148 973,3167 975,3167 1189,3157 1210,3169 1212,3169 1214,3169 1217,3169 1219,3169 1247,3155 1318,3167 1320,3167 1433,3155 1454,3171 1456,3171 1458,3171 1461,3173 1658,3173 1658,3171 1661,3171 1714,3155 1716,3144 1716,3109 1585,3109 1580,3104 1550,3091 1548,3091 1546,3091 1484,3100 1461,3088 1458,3088 1456,3088 1327,3100 1270,3104 1256,3098 1235,3088 1233,3088 1231,3088 1228,3088 1226,3088 1214,3098 1201,3104 945,3104 915,3091 895,3084 892,3084 890,3084 828,3091 752,3098 717,3088 704,3084 701,3084 699,3084 697,3084 687,3086 658,3098 614,3086 598,3081 595,3081 593,3081 591,3081 584,3084 561,3098 437,3098 423,3086 423,3084 421,3084 418,3084 416,3084 414,3084 411,3084 395,3095 363,3081 361,3081 358,3081 227,3093 170,3077 167,3130 165,3141"/>
        <Baseline points="167,3130 1716,3144"/>
        <TextEquiv conf="0.9561539349101839">
          <Unicode>iacaires et buismes uout uaultemẽt sauant</Unicode>
        </TextEquiv>
      </TextLine>

      
      
      <TextLine id="eSc_line_6b580e8c" custom="structure {type:default;}">
        <Coords points="250,3180 248,3208 1394,3199 1396,3183 1392,3141 250,3144 250,3180"/>
        <Baseline points="250,3180 1396,3183"/>
        <TextEquiv conf="0.9943718169674729">
          <Unicode>sarasu sen out uistement a denuan</Unicode>
        </TextEquiv>
      </TextLine>

      
      
      <TextLine id="eSc_line_57d9b7f6" custom="structure {type:default;}">
        <Coords points="1385,3183 1362,3183 1357,3183 165,3187 167,3231 170,3284 200,3275 232,3284 266,3293 269,3293 271,3295 434,3295 434,3293 437,3293 471,3279 506,3265 529,3279 540,3286 543,3286 545,3286 547,3286 549,3286 575,3277 616,3263 651,3275 653,3275 655,3275 865,3263 885,3272 920,3288 922,3288 924,3288 927,3288 977,3272 1090,3288 1092,3288 1095,3288 1097,3288 1120,3268 1129,3261 1201,3268 1316,3277 1318,3277 1320,3277 1359,3263 1371,3261 1373,3263 1392,3279 1394,3279 1396,3279 1398,3279 1401,3279 1435,3263 1493,3286 1495,3286 1497,3288 1647,3288 1647,3286 1649,3286 1716,3259 1762,3259 1764,3222 1757,3180 1385,3180 1385,3183"/>
        <Baseline points="167,3231 1764,3222"/>
        <TextEquiv conf="0.972154513001442">
          <Unicode>e ne se sceuet adent quie se uout deman dant</Unicode>
        </TextEquiv>
      </TextLine>

      
    </TextRegion>
    

    
  </Page>
</PcGts>
