3104 4140
1477 949 2880 1074 postole Respont moult de bõuuirement
1394 1007 2563 1120 ꝑu ly feroit ouueur et ioie grapdem
1403 1067 2646 1159 õuourer ⁊ prisie et serme baultẽment
1417 1115 2910 1209 roit der le donce e lame. Ie uous ay en couuẽt
1405 1166 2910 1274 lar il nauuẽt tant Riens dessoub le firinamẽt
1373 1223 2699 1313 Et quant elame lot se auda apornet
1373 1274 2754 1368 Rue ly arpes ly dist par aucan gabemẽs
1387 1327 2659 1423 Pour che quelle deist ueritablement
1346 1380 2814 1481 pu on trouuast elainedie en quel cassemet̾
1385 1435 2883 1538 Pu pape seddoi de parcdy tres graciensemẽt̾
1410 1499 1435 1570 3
1514 1506 2738 1586 on i dit Remint sans nul auestemẽt
1352 1552 2850 1649 ar dessons les degres ou iut piteusemẽt
1364 1598 2887 1713 haueit que de lesgram che scachies uraumet
1327 1667 2673 1750 Ou toute nut gissoit le Same seulemẽt
1587 1720 2830 1805 dame est Renũne se dens se mansion
1431 1747 2876 1856 par dessono les degres de le salle donon
1362 1821 2804 1911 p in capes remest aui ait ⟧ benaychon
1346 1872 2560 1961 Auenques luyauoit cardinaux a foison
1601 1920 2613 2000 muetpoient rin sambl ly baroy
1371 1964 2761 2063 Noult sout lier et iouuren lenrꝯ dinon
1348 2014 2867 2113 Pu secours qui leur uinz pour hurta le uaron
1348 2076 2602 2157 Qui est sires de castre le noble Regioi
1463 2118 2774 2226 uoigon messazer que dessent au dperon
1341 2178 2528 2288 slapostole uint soon meraenoullon
1336 2226 2841 2352 Et dist chieux mahõmet ꝙ ꝯpanẽbaraton
1401 2295 2609 2398 saut le roy qurtãt qi cuer a delion
1332 2359 2577 2454 Alauural son frere qui tantot de penon
1456 2412 2715 2516 seigneut de pallerue ale clere fachon
1295 2495 2862 2603 qre quitant uous man̾e dont ie farmension
1309 2559 2648 2638 Quasstecier uous uenra uochite enuiroi
1447 2610 2761 2714 sa mande son frere qui ait benaichon
1362 2663 2549 2757 aural depalerut ole flory grenon
1373 2718 2724 2831 hieux luy a mande que uous celeroitdn
1325 2766 2772 2879 EEmeest entres en merlamaint Riche dromon
1313 2819 2441 2921 uent luy ameura pxp esclanor
1318 2875 2574 2983 ia nyare celuy qui nait uon haubregon
1316 2916 2738 3061 ꝑt moult richee armurer ⁊ bon dest gascon
1286 2978 2441 3104 Opar tampe pa ca aruoront
1279 3045 2699 3162 Et daan au matui que uous celeroiton
1313 3102 2482 3199 Ist uochire assise entour et emarꝯy
1316 3155 2853 3259 hurtaux en a iure les dieu d sen Roion
1302 3208 2680 3328 Quil i se partira par nul q̃men sioi
