3104 4140
142 816 1564 936 ar en confession mon corps dit le Reꝯa
124 887 1470 988 Et dist le capelain ia Il ne mangrrae
112 949 1279 1039 duaporsome le die puis quen coufe
1373 949 1484 1018 uUa
179 1000 1401 1085 euous estes Rome enconeuue en ya
144 1025 1523 1145 ome est oultre mer mes elle uint decha
151 1087 1375 1209 dour luy a uaptisier et malion Renoia
177 1127 1580 1260 e na mye grãment scachies queble uint cha
154 1209 1256 1313 euant elamne loy adonques sacoisa
174 1232 1560 1373 at le maux le soupprist car uien moru cnda
1109 1315 1159 1377 2
1359 1301 1484 1361 ma
179 1324 947 1437 ly prsresz uistement
156 1363 1470 1494 dlaisanche lerroine en se uoie encoule
177 1421 1546 1552 uant le prestre le uoit a dont sy lapera
167 1483 1695 1593 ame pour deu uous pry qui le moudefourma
177 1538 1668 1642 enses de celle dame Rrop uaillant cgimuya
209 1582 1518 1706 s uaillant dame ou pais pardellia
177 1639 1447 1759 uant le donue loy enuers le uit sen ua
266 1683 1550 1812 be dame elaue. sy grant amoil moustra
156 1724 1677 1876 ue par nnit et par iour coutades hygarda
154 1782 1548 1929 ont quant elle põt faire elle le lyaporta
165 1851 1486 1987 ien cent fois une nuit le coucha et leua
133 1904 1465 2051 dour le grant maladie que sy fort lapressa
128 1989 1454 2113 Tant se fist uien de luy que laie ln conta
188 2049 1530 2155 en estre et sen affalre que Rieis ne ly cela
131 2113 1518 2221 Ruant plaisaiche loy tout ly sans ly mua
128 2157 1721 2288 Et dist dame plaisaucle bien uones uous decha
128 2221 1543 2348 nien scay du coy parler qui uo corpa espousa
161 2288 1256 2403 reuant Ihim le mien corpa le saislo
144 2343 1359 2449 Nen pere auoit assis ne scay cõmesua
211 2410 1433 2509 o luy a uii Roy sil nest mors de piecha
184 2467 1679 2562 hest constana de uourdiaux outat de uiaultea
154 2546 1336 2619 luy aua badonay ⁊ en cuy engeura
161 2587 1364 2672 On enfant graslends or be laissaige la
167 2635 1642 2737 oute qrosse deufant mon corpe le merpassa
170 2700 1610 2785 rõme uine tout droit ou grande chitea
165 2755 1707 2854 n moult grant iiatour sen ostel me presta
167 2819 1753 2911 uenques sa morllier que moult formait mama
177 2881 1491 2955 lent a iut dentant et le mieusil leua
170 2925 1658 3010 esmatour a donques ⁊rop folemũt ouura
193 2973 1822 3058 ar pour chou quil mamoit sen auoullier e erba
156 3035 1872 3118 de may uautt sen gret faire mais dirup y demonsta
151 3079 1606 3203 put grande nuracli Eat son corpnaluma
