3104 4140
1362 673 2756 786 Que Ie lalaise aydier contre parieune gent
1329 770 2639 867 Cpy a lay oche dier aqui le mont apent
1357 837 2768 940 Mes delame le belle mest uenu maifement
1403 908 2834 1002 Car lyquens de clochestre qui tent a descient
1357 975 2740 1062 a fait le dame aidora does et atourment
1421 1048 2956 1138 t deux enfans quauoit de mon engenrement
1431 1108 2876 1200 n sy est morte elamne et Ie croypeoprement
1456 1170 2876 1271 re chestoit uostee fille que de baulte resplent
1352 1242 1387 1327 5
1401 1237 2931 1343 l est urais dist ly rois parle mien sarrement
1378 1299 2717 1409 dont pioira authoies ⁊ heuris ensement
1458 1373 2708 1481 ns y quil deisoient entrẽt ou mandement
1325 1451 2751 1547 Ens ou noble. palais qui luist et resplent
1566 1527 2811 1609 out ens ou palais ly .ii. roy moult pre
1341 1580 2717 1688 authoinest leuꝗeur a haultemẽt ꝑ le
1359 1658 2570 1741 a coutes de clochestre tr as mal ouure
1412 1729 2655 1814 l te coument morir a doel et a uiente
1325 1789 2636 1890 Sire che dist le uielle on atrop arieste
1382 1851 2671 1964 Et dist ly Rois heurit au corage meubre
1474 1920 2754 2028 ne deurãde au louce uii demer nr̃onae
1348 1977 2577 2088 Adont ymellement a authome oonte
1327 2060 2542 2175 Fõment ly mesacher ly orentaporte
1339 2132 2763 2231 Ies bries qui bien estoient es ps et saiele
1339 2210 2751 2318 Iui par grant faussete ln estoient emble
1316 2286 2892 2412 Par foy clie dist authoinẽs uechy grant criaute
1369 2378 2862 2479 e uous prie que ly mẽs soient chy amene
1300 2442 2772 2559 Eꝓ furent briesment quant il lot cõmand
1309 2525 2602 2608 Oules est ale querre autlioie la dure
1304 2596 2563 2688 Domanda a leury le ban Roy courõne
1286 2661 2664 2743 Sil audit poutde mere en uie ne sante
1313 2727 2662 2819 Ouil che dist leury par me tretiente
1385 2794 2885 2891 e uous les mesagiers qui moult sont entaine
1306 2865 2871 3001 Qui moult farent de cuer courclet etyre
1311 2944 2590 3075 Anthomis les apeleque ny a aruste
