3104 4140
165 986 1746 1092 Car en trestous les lieux ou mon corpe uoꝰ sara
193 1062 1502 1147 men fuiran de uous nebue trouueres ia
156 1117 1357 1202 qous me haera mort ⁊ ihũs mamera
163 1166 1375 1262 eir Ie le sermray tant quil luy plaira
186 1219 1668 1315 e Ia tant que ie uyue mon cõrps malue fera
163 1271 1543 1363 ieux uous ueulle garder qui le mon de crea
165 1329 1502 1430 Et me ueulle saue Quant lame partera
200 1382 1654 1481 u corpos qui tant de maux ⁊ paine Rechut a
379 1444 1362 1534 en ua le rome qui e lameot anon
248 1469 1672 1589 Et ly doy roy chieiancent a forclie et a uandon
225 1545 1346 1649 dut entrot en cõme sanr̾ nulbresti sois
230 1605 1504 1706 uouu papra climens qui ait ueney chon
202 1665 1461 1764 st uenus encontre eup ⁊ cardinaux foison
1527 1688 2008 1775 Tir ne lauou uoi
151 1727 1329 1823 el n Rois a cola ⁊ priste par le gierbu
1527 1757 1965 1849 molt ot logeie
115 1784 1734 1895 Roy aughomr baisa tout Croit en le faichon/ saisoi
140 1842 1242 1920 l pape ly dist clerenũt a hault con
128 1881 1585 1984 praux silz Il y c lonc tampa tout dessy le scet on
126 1941 1327 2030 uessuaueer querfe ensi ou uostre roion
108 1977 1553 2086 Gains peren distauchoines que cuerot de lion
124 2044 1288 2139 ꝯmais ne Renteray de deus me maison
200 2109 1187 2189 h aray Retroune le rome de non
144 2162 1240 2247 Elainy le roure car uechiy son baron
149 2214 1569 2306 oy heury deugle terre qui dieux faiche  pardon
140 2283 1619 2355 our dieu se uous scaner debe ne auue nou
207 2332 1408 2421 ue diteu errant sains peres de Renon
197 2387 1270 2490 nous Relecheres en ao ꝯdision
156 2440 1380 2536 ar pour la mout de lame a le clere sachon
142 2493 1412 2603 douirs nous tous les ioura en tri bulation
135 2557 1580 2654 deni peres dist herris leues hault le menton
184 2605 1652 2727 nous dites nouuellis se che uous samble bon
177 2670 1316 2776 poir que uous aies en uo possession
154 2711 1332 2826 lance le Rome qui tant a le cuer bon
161 2771 1424 2884 elona che con ma fait urair amentacion
98 2822 1320 2939 dune fame a folee d poure establison
115 2881 1454 3001 dui dessous uol degres a fait se mausion
103 2927 1415 3065 piaux sie dist lapostole dyes mentenabii
216 3003 1274 3104 a ene fame decpoure norechon
158 3054 1433 3171 Re conoist elame ⁊ uien ma dit le non
149 3116 1109 3226 e uenue de sy et son estraction
131 3171 1525 3302 naiu elle ne dist mie quelleayt ainsy anon
131 3231 1288 3360 dar Roy che dist qruril Iay en ainsiois
