3104 4140
98 913 1435 1014 t puis par dessons terre lauoit on caporte
188 979 1191 1058 le tour o gaidoir ou Il ot maint fe
78 1030 1286 1120 Dor che ne peuent estre ly paiten a painte
209 1087 1157 1170 y purent crestien do lait et ayres
142 1120 1438 1232 De che que du gaiant sontainsy Reindes
264 1182 1412 1288 sceuẽt urarder sy bien par nul delles
94 1225 1557 1340 dul ne uiengue en leur ost quãt est se uolentes
85 1306 1415 1391 auis entroient en chiternes qui estoit en pres
85 1347 1398 1460 haux uarons se plaigner ly crestiens loes
75 1421 1115 1511 et dient a lemy sire Rois courõnes
149 1462 1380 1582 noꝰ sõmes droit chy longuemẽt amassen
80 1531 1201 1639 fin nour metera ly grancͤ defraee
80 1584 1454 1690 Ious ne scauons grrder sy pres a tous costes
71 1653 1440 1754 dui ne soit en no ost quant chist se uelentes
85 1715 1306 1816 e noꝰ tault no uitaille ⁊ noꝰ a afoles
220 1757 1571 1881 pous priont bi aux sores que uon conseil q̃nen
101 1837 1336 1943 dar me foy dist heurii sen sun bien arres
98 1895 1445 1998 ar che le lon gaiant suy formẽt onganes
103 1964 1341 2058 sire loie autloit quel coyseil me dõns
85 2017 1369 2118 Sar me foy ast anthoine de folir parleiz
73 2081 1403 2178 uous y series anchoie nn aus trestous passer
69 2150 1339 2235 aissirr quoy celle tour as dables masfes
75 2208 1302 2283 ⁊ di lour querir elaiue trop sõmes de morel
75 2267 1415 2350 amais narona le tout ache point ne peuses
163 2320 1412 2412 quant heuris lentent un ps sest apeuses
156 2371 1472 2479 ly souuint de langle que ly dist ses secreit
80 2385 108 2451 E
124 2438 1182 2525 iz le prison abruges on il fe este
154 2484 1426 2585 ly cona d lame que ses corps ert tournes
110 2539 1477 2633 roit atours en courame que est noble chiteu
110 2592 1346 2716 a se fu gois authouir du partir acordesi
149 2645 1302 2755 uant unet esque aeux sest amonstres
135 2714 1318 2822 e sieu les salua le goy le maieste
115 2769 1488 2877 erans be cõgnent se ly ꝯe dont uemos
110 2831 1723 2950 ore dist ly espie et oy el meit latm aꝓmun le saren
188 2911 1318 2992 uous deray tel cose se cont qe uoler
220 2964 1382 3047 Q dus iii mois aelle fortreche ares
209 3019 1281 3104 re dist l espie or oyes men lamui
204 3072 1145 3180 bituer auesoie a loy de sarazin
296 3127 1491 3236 fai soir entendre que creoir apoli
