3104 4140
614 910 989 988 marchiet
1509 827 1610 975 160
94 959 1553 1064 us ou proproparchit de astre par dela
112 1035 167 1113 1
195 1030 1122 1122 x rrois ordeme ou on le leuera
184 1092 1159 1173 lon sarchi amoury ⁊ mena
131 1136 1454 1237 ⁊ quant il uir le ceois tous l sans ly inua
124 1191 1325 1288 ouant le saince cois sy bersagenoulla
138 1255 1297 1350 t la fu desuestus ses dras on ly osta
126 1299 1463 1405 gneur en beste uille dont cante ⁊ rousa on
147 1380 1263 1460 auoit gous crestient en lonc iampla
117 1428 1481 1524 Narchatis et bõnes geus par trenfureitla
121 1488 1479 1582 aie par le Roy Ieury qui le pille asseca
117 1552 1569 1637 n rent mis a leut fin les chilr on lentcopa
211 1605 1028 1695 Myostelerie A ou on oste
119 1651 1495 1747 ey poures grespassans qui ueuoient parla
128 1713 1419 1796 u lerre a batar que Raens ny demoura
225 1773 1419 1853 Sames y auoit de e q laisanche iu l
140 1837 1341 1904 e mere Ioze rant quit clorius garda
195 1876 1410 1964 poit les fist saisir en prison les peta
108 1931 1546 2019 la uiuel adoleur plaisanche moult ploura
147 1994 1541 2079 tle uou roy ꝯstait moult souuer Regreta
280 2049 1435 2143 st elle son fil quen seir cotes porta
98 2113 1631 2201 dien cuid que soit mors oues encoire le uerla
110 2168 1594 2260 Et ens ou nou de ly que plaisanche on clama
135 2235 1375 2320 ra castre en non plaisanche et encoire a
117 2295 1583 2380 ⁊ laisanche est apelee che non puis ne cancha
105 2346 1491 2438 oine en fu le dame ⁊ ꝯstana quelle ama
202 2408 1484 2507 fu roir courõmes arssy con uous dira
138 2463 1520 2569 et iozerans leur fieux pontieu sy gouurena
128 2520 1495 2631 he fu par mariage que ly Roũ ly dõna
121 2582 1445 2697 louente fille au roy que cloems o põma
121 2640 1468 2760 et de aiy fu Rehurs que loiaum̃t ama
140 2716 1329 2801 or entenss a moy on uous recordera
128 2771 1424 2861 e qlus belle matere conque  nulz escouta
103 2826 1426 2923 damoury uous deray ꝯmient on latoirna
181 2960 1486 3040 rig neur or outerdes dauomy bescochoii
1226 2902 1445 2980 tocis
181 3010 1645 3100 Que la cite de castre set estendus en lrout
115 3061 1516 3183 luisy que Ihũs deu iuil maleois morut
121 3134 1817 3233 iiꝯneur groit en lesplaige ou semongyly coirtois
126 3196 1826 3314 estora un mouster de quia ly rois englois
