3104 4140
1362 919 2724 1011 Et ag dient amure et coutre mout monter
1468 993 2613 1069 sareqin assalent morant le bacheler
1380 1035 2800 1120 Ie griant d la cour qui tant fist a doubter
1355 1087 2620 1173 le grere malore dont ian uolu parler
1491 1143 2793 1232 scuie a haulte uois uous ne poen darer
1378 1189 2708 1281 oyle cõma maraduin bien uous san paisit
1387 1260 2761 1336 uerpy auee mahon que Ie doi Raint amer
1157 1299 2793 1389 dieie. Iedides gens crestiens ne uoꝰ pora Warder
1371 1354 2542 1437 Pioi dut porons ueir et Rgaeder
1343 1414 2788 1494 On uou ora dffendre de uo corps eurouer
1357 1465 2701 1547 Par de sy faite mort Ie uous feray fuñr
1394 1515 2788 1598 assui a celle tour que uous ppoes ueoir cler
1348 1568 2669 1653 Et quant morant loy not en luy quaner
1394 1623 2653 1711 encour luy mauoit ser gait ae baceler
1403 1681 2632 1770 dii se soit a paru pour luy a conforter
1373 1736 2846 1826 ion pour quant ly crescien pensoient de monter
1380 1791 2671 1883 pres sarazuis leur uout le uoit ce ueer
1415 1844 2820 1931 mbrans d Raire rent dieu a Rclaunr
1401 1890 2708 1982 outre leu ii ꝯcrans apeis aplementer
1373 1941 2949 2042 Il tuit lespce au puing que moult Relui soit cler
1445 1982 1647 2058 gaiant
1691 2010 2558 2102 de la tour ua sy buen asseuer
1359 2042 2832 2152 Il auopt fait se haiche encoutre mont leuer
1343 2097 2763 2217 Pe morant cu doit bien le plaiche deliurer
1357 2143 2554 2251 es le conte moroit sa lasy fort ha
1382 2196 2777 2300 mis quil peinst se haiche nalemem aliualer
1445 2247 1672 2341 fery en
1334 2281 1362 2387 4
1382 2304 1797 2405 ar le grassi
1714 2263 2770 2373 se cuisse teltoy con byl ua duner
1380 2362 2687 2472 Que le cuisse ly ua tout oultre me raser
1831 2329 2659 2428 de dieu qui le olt ꝯforter
1375 2421 2779 2534 ples dieux y fist miralle che peisten pronner
1385 2479 2537 2587 ⁊ gayane est quenr uni ay pristacrer
1336 2523 2627 2638 lacuiston de se geulle un cobilon leuer
1465 2592 2653 2686 une telle fiime che pot on raconter
1392 2635 1670 2716 yord e
1306 2622 1346 2755 8
1373 2688 1744 2787 lus d ue
1739 2649 1794 2757 sy
1826 2654 2630 2750 esppesse que pot ueir cler
1366 2750 2887 2868 rue mament a sy grant noise que eux aesconter
1760 2707 2751 2806 corbiauxsy uaurenst assamn uler
1352 2810 2551 2909 luoint grant paoir sarazin et escler
1369 2861 2701 2962 et no gent ensemuent sen uaurent effrier
1359 2893 1403 2973 T
1449 2914 2692 3015 d celle fumee ne sorent que penser
1421 2971 2850 3084 ri fu or de et espesse Ains nuil ne uit son per
1382 3038 2581 3125 e ꝯaiant affina saine uaurent porter
1375 3084 2820 3194 aulesqui se uaierent en corbian tramuer
1348 3144 2703 3284 le fumre faly et le camps deuxut cle
