3104 4140
1364 931 2641 1016 Deuant le barõnie ua le brach acolant
1380 1000 2620 1092 Eet ꝓlus d nͨ fois la la ly rois uaisant
1394 1058 3014 1143 dont Trestons chil qui le uoent uourteurement qploes
1421 1120 2988 1221 Ie bras che dest authome tu fua fanz de mon sant
1417 1189 2770 1274 ie main tu fua ostee d le main mon enfant
1449 1242 2850 1324 courtoise elame que mon corpe aune trint
1208 1290 1226 1377 c
1392 1294 2434 1380 i aus y a nalay emil arestant
1359 1347 2804 1444 or de nostre paiaiema lan dess de seuerant
1362 1412 2887 1506 pour uostre corps dauoir or ne uous treuue rroiant
1350 1472 2595 1563 qout soupire li rois hery ua larmant
1410 1527 2551 1623 yaelli racon que Ie uous uoy cocant
1398 1589 2765 1676 tant et uous leruate ens ou palais entrait
1415 1635 2655 1741 estus estoit de feulles ⁊ dorcere et deuãt
1373 1697 2855 1789 dii quen auoit dlouce felis dont Iie uous cant
1336 1745 2671 1839 Samuu̾ est en parais che dient iy roman
1417 1803 2786 1890 ⁊ ly geutieux heruntee ua e palais entrant
1357 1858 2839 1952 Trestout chill de le sale le uout uien Regardant
1350 1913 2848 2017 Et dist ly uns a lantre que ua cel chy querant
1359 1973 2636 2063 Ie cron auil contrefait le sotet le mescant
1401 2035 2791 2116 et sy qeucirux liermitas se ua sy exploiant
1366 2070 2583 2166 Et par deuant le sale Il se ua crestant
1415 2127 2703 2226 l a perchut brisse qui sen brac ua uoutant
1364 2180 2627 2277 Par de dons lerosin quil apoit uardet tant
1382 2242 2687 2329 y purendoinr le saiue haultement en oyont
1352 2293 2567 2387 Et quant urisse le uit se le uaacobant
1362 2350 2574 2435 Il a at a martin biau frere ueng auant
1382 2405 2544 2497 echy no prener pere alõle Restiant
1380 2465 2524 2553 dout lont a cole aube deux ses enfaint
1389 2520 2606 2617 uoiant le Roy hemry lora di la Regardant
1403 2585 2462 2670 grute de uõnaire sy a dit en urant
1373 2628 2896 2727 prap sire roie auchoine entendes monsamblant
1355 2691 2795 2787 Sel hermite Rouuasine Ia dis en un bosgrant
1350 2755 2719 2849 Etui noue dist et eencta ense mruson seant
1398 2808 2696 2907 due pu aus otit garde Il le nous fu ꝯtant
1346 2861 2735 2969 Deux enfans decõnanre que uos a la Rounoit
1352 2911 2563 3031 Pr les achy cõgunt se scay a ensiant
1362 2971 2885 3107 Que clie sont my Roy fil a dolr ua larmiant
1417 3035 2917 3169 t iy heriite pleure fe ua dieu Reclamau
1369 3102 2772 3217 ermte de uõuaire font asse sur ung uaut
1339 3169 2995 3286 Et brisses et martuis le uout moult buenseruant
