3104 4140
1327 864 2768 984 pme doult Ihũlis bien scay se ꝯe concquoie
1325 929 2466 1030 quent ceste pucedle que my delteroie
1442 977 2772 1081 uostre doulz sermee de tous roindoublueroie
1378 1030 1394 1106 ;
1445 1035 2531 1131 scroie trop sol se pour ly uous busson
1369 1083 2606 1189 ar le ioie des chieis est a toudis duree
1486 1124 1530 1205 ¶
1576 1154 2503 1251 de monde fait en leure laisier
1359 1175 2342 1304 aon pere me cirere Ricemẽt assenez
1334 1235 2632 1357 quy matu quant me fist le pucelle esponser
1346 1283 2273 1389 nail Ia ne plnse a diou qua son
1341 1334 2648 1446 aus yray oultre mer serma dieu quitout fist
1343 1380 1569 1455 doyr sa
1599 1409 2680 1490 sacproche ly samia qonãdores dulit
1318 1423 2427 1552 l qugelle apela douchement lyadit
1300 1476 2526 1598 Hour dieit or entendes Resdoughe treature
1309 1522 1470 1605 hũcro
1546 1552 2395 1649 uouafourma en yalle figure
1297 1582 2609 1701 pue la uierge manie poir che que nie aire
1325 1626 2846 1752 pu uiel peqiuet du corpe cartroq y adordur-
1332 1685 1405 1750 Ete
1470 1697 2919 1812 la sant estaꝑture sy mous dest et tesmoigne
1300 1747 2998 1883 tuan monde nepersoye pour tant que ilsadon
1339 1798 2802 1925 u pequet de eupure que diabli cie lapina
1323 1849 2848 1975 deuens le puie guifer sol est qui ny resoigne
1431 1908 2383 2003 squt ale mir le puerdie castie
1334 1959 2804 2065 usqua crnt que lagaite du castiel soit conchie
1327 2005 2547 2099 a pucele le uit mais in pplaisoit mie
1306 2056 2593 2157 lle pie soupora et ly gist doulce aune
1323 2113 2779 2210 cae me moustrer ei mel dequon tay esponsee
1359 2166 2770 2270 lle enloirant ly uulle et ilatrait sespa
1412 2219 2508 2325 lamel fist ii parl lune en a pnaer
1309 2251 2703 2380 la la entil purele et lautri a bien garde
1286 2306 2843 2426 qma ry dist doulce suer garde s pien la moign
1274 2366 2830 2477 De lamel dieu uouu uecalẽ deffersr de gechie
1270 2426 2774 2541 En escil yeul aler prour la moir dieu aiistie
1320 2474 2489 2582 euant elle lentendy sy les chey au pie
1281 2513 2751 2654 Et ly dist biaux amus cant y esteeͬ biaux etdond
1313 2576 2772 2704 nant hauenlespousee qaur Repaconr noue
2719 2585 2800 2697 5
1424 2624 2445 2732 erer Reprouer augs auetrestons
1274 2672 2655 2812 lebur respondy belle suer souffree uous
1288 2732 1348 2799 Et
1371 2734 2514 2861 du delit caruel estee uestre penser
1272 2799 2820 2941 ssus sera uostre ame deuant diencomrõnee
1304 2858 2556 2983 lisseseil ueul aler en ostraigne ꝯtrer
1297 2918 2590 3031 Ruait elle dentendy e srant chey pasmee
1277 2971 2379 3077 lepis le leua pans ly a dit aint
1265 3026 2885 3150 bue ⁊ laissieu moy a ler pour auroist Ie uout̾prir
1263 3088 2673 3203 la pucelle courtoise un plouerant respondr
2839 3546 3014 3735 euosi
2549 3523 2639 3659 L
