3104 4140
1511 795 1647 940 113
119 919 1412 1005 Quecorre uout Roatin de sire lay quecha
124 988 1479 1074 Eu le ioie quil ot. ly Rois sendrrmy la
124 1051 1394 1127 iont uint ly cartorirs q ui a Bon apela
177 1090 1560 1179 tenoit un baston le roy dermant trouna
209 1154 1421 1262 uaston a hanchiet et tel cop uuy dõna
73 1212 195 1260 2e
161 1214 1316 1315 ⁊ petit sen faly que le coy nafola
135 1276 1481 1380 e abn se drecha sus qui lancoisse endura
142 1340 1327 1442 de lan que Il ot le paien aplocha
126 1403 1560 1490 es auains auoit loyes mais adeuez le hasca
128 1460 1458 1547 dar ytel couuenent le mort et deuoura
138 1513 1525 1603 ⁊ ner le nes du uisaige tout iue esracha
147 1575 1532 1658 il enst ense mains ne uous mentray ia
142 1637 1401 1718 Rrefment leusttus mes mie ne lesia
138 1692 1539 1784 es ques ot enferes sy que auant point nala
177 1752 1410 1837 liz praitre cue qui langonsse endura
151 1810 1417 1892 nes ly gist aterre et ly sans en coula
154 1862 1477 1950 enry alert a brat qliuseure ceps luy dõna
144 1920 1511 2014 nis ly poit ases deus par lepanig le haspa
154 1984 1647 2076 Qaun mort cellement que tout le dehagna
142 2044 1514 2125 a leist denoure mais ses apains uint la
131 2097 1343 2191 dun baston quilteuoit heury sy en frapa
239 2155 1306 2256 le toste deriere sy tresbion lassena
163 2212 1410 2313 ue le cuir en copn et ly sans en coula
154 2272 1311 2359 le terre quey et chis le Refrapa
138 2311 1640 2403 ont parmy les costes mainit grant cop ly dõna
128 2369 1532 2456 a Rechut tant de maux ly aois qui tant ⁊ui
126 2433 1329 2513 Rue petit sen faly que Il ne dema
135 2470 1633 2569 a leussent tue mort quant maradins uint la
128 2534 1633 2635 Eui a dit a sei hõmes quant il les Regarda
131 2592 1603 2686 iochies che prisomer mal aitqui uous porta
131 2649 1596 2746 dar mahon sal est mors chũiis pendus sera
276 2718 1592 2810 it s caiteriere trop mal atourne ma
303 2773 1541 2875 uxun et sen nes a douiues ly mousta
147 2824 1562 2927 e trop pres la prochastes maradius dist lya
135 2886 1596 2978 fui se lie en prisõner moult grant foliefera
188 2950 1412 3038 mis dist maradina uous estes afolea
209 3015 1403 3100 l adit a heuris sere fois courõnes
147 3065 1753 3164 dout quoy aues mes hõmee ensemẽt atourues
131 3134 1631 3263 oons enferes encoire pendur et en roues
