3104 4140
1125 717 2455 811 Mres cestoit pour noyent elle sen est alee
1157 784 2666 871 Eigneurs li rois auchome au matin se leua
1138 832 2429 924 Los et isuellement se uesti ⁊ cancha
1136 887 2480 986 Et qũt il fu pares au moustier sen alee
1143 942 2623 1041 Auent luy ses barons et cheux qui furẽt la
1148 993 2565 1104 gen maistre seuescal uistement axxella
1148 1055 2673 1156 Amis che Sist li Rois or fay tost ⁊ figa ten ua
1141 1106 2597 1207 En le chambre ma fille ou tant de uiaulte a
1143 1166 2639 1265 qet dittes se maitresse quelle lamaine cha
1145 1223 2687 1313 Et li seuescoulx dist que uolentiers ira
1134 1274 2386 1368 Tost ett isuillemet se psi et seura
1152 1345 2853 1435 Peuers le chambre elame lissenestans a la sen ua
1155 1398 2853 1492 Qũt il unet en le chambre le muistresse trouua
1157 1451 2588 1536 Dame dist li uassaux e moy entendeis cha
1141 1508 2678 1605 sy Richer Rois mert̾ sires qui a uoꝰ mẽnoia
1138 1566 2547 1660 Uoꝰ mande de ꝑmoy ꝑ dieu qui tout crere
1141 1630 2606 1713 QQue elame le pucelle oi tant de uiante a
1129 1681 2259 1761 Faittez apprillier esponser le uorra
1141 1734 2425 1816 Qut le dame loy teurement soupira
1134 1782 2436 1869 O seuescal a dit que point ne li chela
1134 1833 2560 1931 En le moye foy sire. le choze troy mal ua
1132 1890 2696 1987 Nlaine le pucelle que le mien corpe Warda
1260 1954 2597 2044 en est auuyt fuie point ne reuerra cha
1150 2010 2611 2104 Sucques Ie nen sceuz mot qũt elle sen ala
1143 2067 2554 2155 iie en est la dame le mien corps le cuida
1125 2134 2544 2214 Trouuer dedens son lit si tost quil a Iourna
1155 2182 2590 2270 lles ne li trouuay mie dont auoyet il ma
1175 2237 2363 2320 Roy ne lore dire. car qut il le stara
1145 2293 2448 2380 MMoult en sera doloois espoir qui cuidera
1127 2348 2535 2442 Que che soit de ñs fait q̃ le belle sen ua
1141 2415 2581 2502 Quĩ li seuescans oy ce qñt merueille en a
1168 2477 2468 2564 e dame fist saiser et au Roy le mena
1134 2534 2505 2624 Qñt uint deuant le Roy adout li recorda
1136 2587 2597 2686 Che que le dame ot dit delame qui sen ua
1226 2656 2514 2730 lya dit li senescaux a le chiere hardie
1122 2702 2632 2787 Sire ꝑ chelue dieid̾ qui de mort uint a uie
1127 2757 2358 2847 Ues chỹ le maistresse delamne le iolie
1120 2815 2560 2907 qfu dest que ur̃e fille sen est aunt fine
1111 2875 2646 2964 et quelle ne ueult point de uoꝰ la druerie
1106 2927 2627 3031 Moult mal uoꝰ est gardee elame la drechie
1118 2987 2636 3084 Et qũt li Rois lentent demaltalentRongie
1102 3042 2489 3173 Rfgarde le maistresse ꝑ unłt gũi felõmi
