3104 4140
227 763 1702 860 pire ens ou non du pape me suy fais ordeuer
264 830 1716 915 Tout quanques uoray faire il n uoent deueer
241 883 1511 972 pien poes uo plaisir et dire et demander
250 926 1693 1028 Sar ou non de lapostole me poes chy Ronner
248 1000 1491 1087 demandes Ie feray uo cõmant seeler
250 1046 1693 1150 Et quant ly rois autliouies lon ainsy parler
253 1101 1944 1214 ldont en ot qrant ioie che scatlies sans douuter
260 1170 1748 1276 Et dist plus ne uous uoeul me parole celer
241 1242 1682 1343 Tantost le uous diray sans point de larester
250 1304 1569 1398 Ie uoeul auoir conchet sans plus a coufesser
248 1361 1693 1449 due Ie puisse me falle amolier it espouser
253 1412 1790 1506 Par scachres ie lanne tant que ie ne puis durer
255 1460 1774 1577 Et se ie ne ay grache pour may le puis iurer
248 1529 1520 1630 Ia nentera a rõme pour le pape sauuer
246 1575 1635 1683 Ouant ly bons cardinaux oy le auy parler
260 1635 1629 1745 De le grant meruelle print couleur aunier
248 1697 1557 1805 Et dist sainte marie royne qui nas per
239 1759 1484 1881 Cõment oze char dõme a tel cose penser
239 1812 1537 1950 Que de prendre se fille et en ly denter
239 1865 1679 2012 nest pas oeure de dieu enchentz lestẽt tenter
241 1941 1541 2070 De lanemy dinser pour sen amce damier
246 1987 1716 2134 Lordist rois de bonnaire uoellies uous ainser
239 2063 1592 2201 Dun autre don auoir se laissies che ester
227 2118 1642 2283 Encontre dieu et foy uous uon cre arguer
230 2194 1433 2341 Euay le pouoir de tercose ordener
317 2265 1587 2392 ie ne uous douroie pouoir de marier
227 2329 1594 2461 Ou corps de uostre fille que uostez engeurer
223 2396 1656 2520 qui me uoroit tout lor de sest siecle douner
232 2456 1606 2576 Ne che nest mie cose dont on doie parler
236 2527 1688 2638 Gire che dist authoyne bien en poes raler
230 2596 1311 2695 dites a lapostole que rõme agarder
227 2658 1546 2764 Par moy nara secours et deuston gaster
280 2739 1543 2824 onte ketiente sy long con poeut alir
227 2785 1937 2886 Dil ne me donne graci que Ie puisse ei enpetrer
372 2842 1739 2937 iesir ens es brãs de me sille au uisz cler
250 2863 285 2932 L
1520 2907 1553 2973 2
230 2900 1410 2989 Et cõme me moulier ie puisse poss
276 2944 2040 3065 ar chest le riens au monde que Ie doy miengamer
230 3035 1612 3141 A ihus uous cõmant qui conta a sauner
