<?xml version="1.0" encoding="UTF-8"  standalone="yes"?>
<PcGts xmlns="http://schema.primaresearch.org/PAGE/gts/pagecontent/2019-07-15" xmlns:xsi="http://www.w3.org/2001/XMLSchema-instance" xsi:schemaLocation="http://schema.primaresearch.org/PAGE/gts/pagecontent/2019-07-15 http://schema.primaresearch.org/PAGE/gts/pagecontent/2019-07-15/pagecontent.xsd">
  <Metadata>
	<Creator>escriptorium</Creator>
	<Created>2025-10-15T20:24:04.874017+00:00</Created>
        <LastChange>2025-10-15T20:24:04.874039+00:00</LastChange>

  </Metadata>
  <Page imageFilename="620416201_MS0742_0766_0037B.jpg" imageWidth="3104" imageHeight="4140">

    
    <TextRegion id="eSc_textblock_39531e8e"  custom="structure {type:text;}">
      <Coords points="1240,690 2662,726 2653,788 2551,816 2590,910 2717,947 2662,1159 2699,1368 2551,1570 2560,1635 2653,1738 2625,1775 2634,2150 2717,2208 2717,2260 2597,2309 2551,2481 2609,2566 2735,2612 2735,3042 1175,3079 1175,984 1184,726 1240,690"/>
      
      
      <TextLine id="eSc_line_9cf6b2fe" custom="structure {type:default;}">
        <Coords points="2641,724 2618,724 2595,724 2572,724 2549,722 2526,722 2503,722 2480,722 2457,719 2434,719 2411,719 2388,719 2365,717 2358,717 2358,719 2282,719 2261,717 2248,715 2227,715 2204,715 2183,713 2179,717 2174,719 2139,715 2114,713 2112,713 2089,713 2082,710 2082,713 2080,713 2077,715 2073,724 1944,724 1916,715 1891,708 1889,708 1886,708 1794,715 1656,724 1633,713 1622,708 1619,708 1504,708 1502,708 1500,708 1497,708 1491,713 1477,722 1451,713 1445,710 1442,710 1440,710 1438,710 1435,710 1433,713 1417,726 1369,713 1359,710 1357,710 1355,710 1214,710 1217,763 1217,788 1256,800 1258,800 1260,800 1263,800 1288,788 1297,786 1309,788 1346,798 1348,798 1350,798 1426,788 1449,786 1456,788 1493,802 1495,802 1497,804 1497,802 1500,802 1537,788 1543,786 1553,788 1601,800 1603,800 1606,800 1608,800 1633,788 1642,784 1670,786 1760,800 1762,800 1764,800 1767,800 1785,786 1794,781 1840,786 1944,798 1946,798 1948,798 1971,786 1974,784 1976,786 1992,798 1994,798 1997,798 1999,798 2213,784 2310,779 2319,784 2333,795 2335,795 2337,795 2340,795 2425,784 2475,777 2517,784 2579,793 2581,793 2657,781 2657,752 2653,719 2641,724"/>
        <Baseline points="1217,763 2657,752"/>
        <TextEquiv conf="0.9900156633798466">
          <Unicode>hoir marbe sont tout doy Ie ne mentrray mie</Unicode>
        </TextEquiv>
      </TextLine>

      
      
      <TextLine id="eSc_line_d205d1b9" custom="structure {type:default;}">
        <Coords points="1214,823 1214,848 1573,841 1629,846 1730,853 1732,853 1794,844 1820,839 1824,844 1831,848 1831,850 1833,850 1836,850 1838,853 2017,853 2017,850 2070,839 2077,839 2080,839 2089,848 2089,850 2091,850 2093,850 2096,853 2254,853 2254,850 2257,850 2307,837 2307,818 2305,786 2261,772 2259,772 2257,772 1997,784 1937,772 1935,772 1932,772 1889,784 1815,772 1813,772 1810,772 1755,786 1707,775 1705,775 1702,775 1700,775 1675,788 1461,788 1435,775 1433,775 1431,775 1306,786 1228,775 1226,775 1224,775 1221,775 1212,779 1214,823"/>
        <Baseline points="1214,823 2307,818"/>
        <TextEquiv conf="0.9917478428946601">
          <Unicode>Or menuoion acõme le chite batillie</Unicode>
        </TextEquiv>
      </TextLine>

      
      
      <TextLine id="eSc_line_666f13a5" custom="structure {type:default;}">
        <Coords points="1205,869 1203,892 1573,890 1599,896 1624,903 1626,903 1629,903 1764,896 1817,894 1838,896 1898,906 1900,906 1962,896 1981,894 1990,896 2020,908 2022,908 2024,908 2027,908 2047,896 2050,896 2077,896 2330,908 2333,908 2335,908 2372,896 2374,883 2372,846 2181,848 2149,844 2100,834 2098,834 2045,841 2020,846 2001,841 1965,832 1962,832 1960,832 1958,832 1955,832 1944,841 1939,844 1923,841 1866,832 1863,832 1861,832 1840,841 1831,844 1635,844 1624,839 1589,827 1587,827 1392,825 1389,825 1205,834 1205,869"/>
        <Baseline points="1205,869 2374,883"/>
        <TextEquiv conf="0.9993350225336411">
          <Unicode>Pout conter a henry duame sen aune</Unicode>
        </TextEquiv>
      </TextLine>

      
      
      <TextLine id="eSc_line_7fd5c146" custom="structure {type:default;}">
        <Coords points="1214,929 1212,954 1221,963 1221,965 1224,965 1226,965 1228,965 1327,952 1424,965 1426,965 1428,965 1431,965 1431,963 1445,949 1447,947 1456,952 1495,965 1497,965 1500,965 1502,965 1530,952 1539,947 1555,952 1580,959 1583,959 1585,959 1624,952 1656,947 1677,954 1707,963 1709,963 1711,963 1769,954 1813,947 1831,954 1863,968 1866,968 1868,970 1983,970 1983,968 1985,968 2020,956 2043,949 2061,956 2084,968 2086,968 2089,968 2137,959 2183,949 2501,961 2505,933 2503,896 2192,885 2190,885 2188,885 2162,896 2151,899 2139,896 2105,885 2103,885 2100,885 2098,885 2063,896 2050,899 2022,896 1965,887 1962,887 1893,896 1861,899 1845,896 1801,883 1799,883 1797,883 1794,883 1792,883 1776,896 1774,899 1663,899 1658,896 1626,883 1624,883 1468,883 1465,883 1463,883 1461,883 1442,894 1387,883 1385,883 1382,883 1380,883 1362,896 1357,896 1214,896 1214,929"/>
        <Baseline points="1214,929 2505,933"/>
        <TextEquiv conf="0.976097672413557">
          <Unicode>Ouansy est de luire au gre sainte iarie</Unicode>
        </TextEquiv>
      </TextLine>

      
      
      <TextLine id="eSc_line_4239be64" custom="structure {type:default;}">
        <Coords points="1297,986 1297,1016 1364,1005 1739,1005 1753,1009 1764,1018 1767,1018 1769,1018 1771,1018 1836,1009 1884,1002 1919,1007 1978,1018 1981,1021 2227,1021 2227,1018 2229,1018 2273,1005 2291,1016 2294,1016 2296,1016 2298,1018 2542,1018 2542,1016 2544,1016 2567,1005 2600,1016 2602,1016 2604,1016 2694,995 2694,979 2687,940 1295,942 1297,986"/>
        <Baseline points="1297,986 2694,979"/>
        <TextEquiv conf="0.975179491771592">
          <Unicode>maisay madame quã choys me de parne</Unicode>
        </TextEquiv>
      </TextLine>

      
      
      <TextLine id="eSc_line_52fc19a1" custom="structure {type:default;}">
        <Coords points="1212,1051 1212,1064 1235,1076 1237,1076 1240,1076 1346,1062 1352,1062 1495,1062 1497,1062 1520,1076 1523,1076 1525,1076 1527,1076 1751,1062 1797,1076 1799,1076 1801,1076 1868,1060 1875,1060 1886,1060 2008,1074 2011,1076 2123,1076 2123,1074 2126,1074 2128,1074 2128,1071 2139,1062 2149,1071 2149,1074 2151,1074 2153,1074 2156,1076 2487,1076 2487,1074 2489,1074 2537,1058 2537,1046 2533,1009 2353,998 2351,998 2349,998 2346,998 2333,1007 2326,1011 2199,1011 2195,1007 2185,998 2185,995 2183,995 2181,995 2179,995 2075,1005 2036,1009 2029,1005 2015,995 2013,995 2011,995 2008,995 2006,995 1976,1005 1962,1009 1889,1005 1778,998 1776,998 1774,998 1748,1005 1721,1011 1702,1005 1688,998 1686,998 1684,998 1649,1005 1603,1011 1537,1002 1491,998 1488,998 1415,1002 1286,1011 1210,1002 1212,1051"/>
        <Baseline points="1212,1051 2537,1046"/>
        <TextEquiv conf="0.9887954122141788">
          <Unicode>penroie a uans parles en cest manãdie</Unicode>
        </TextEquiv>
      </TextLine>

      
      
      <TextLine id="eSc_line_b860a6da" custom="structure {type:default;}">
        <Coords points="1849,1051 1847,1051 1751,1064 1741,1064 1739,1064 1725,1051 1723,1051 1721,1051 1716,1051 1693,1051 1670,1051 1647,1051 1624,1051 1601,1051 1578,1051 1555,1051 1532,1051 1509,1051 1486,1051 1463,1051 1445,1051 1442,1051 1440,1051 1438,1051 1421,1064 1327,1053 1325,1053 1210,1067 1212,1110 1212,1127 1270,1136 1272,1136 1325,1127 1355,1122 1394,1127 1477,1136 1479,1136 1481,1136 1484,1136 1495,1124 1507,1117 1815,1117 1822,1122 1838,1136 1840,1136 1843,1136 1845,1136 1912,1122 1925,1120 1935,1122 1983,1136 1985,1136 1988,1136 1990,1136 2043,1122 2057,1117 2059,1120 2077,1136 2080,1136 2082,1136 2084,1136 2086,1136 2132,1122 2372,1136 2374,1136 2376,1136 2379,1136 2379,1133 2395,1120 2448,1136 2450,1136 2452,1136 2620,1115 2623,1101 2618,1058 1992,1064 1985,1062 1965,1051 1962,1051 1854,1051 1849,1051"/>
        <Baseline points="1212,1110 1488,1099 2623,1101"/>
        <TextEquiv conf="0.9787750989198685">
          <Unicode>Pour scauoir se uo fil que tant a seignourie</Unicode>
        </TextEquiv>
      </TextLine>

      
      
      <TextLine id="eSc_line_aef422ef" custom="structure {type:default;}">
        <Coords points="1196,1175 1196,1198 1382,1202 1385,1202 1387,1202 1417,1196 1449,1186 1474,1193 1488,1198 1491,1198 1493,1198 1495,1198 1497,1198 1504,1193 1518,1184 1527,1193 1534,1198 1537,1198 1539,1198 1541,1198 1543,1198 1569,1191 1601,1184 1629,1191 1665,1200 1668,1200 1670,1200 1672,1200 1675,1200 1688,1189 1693,1186 1698,1189 1707,1198 1709,1198 1711,1198 1714,1198 1716,1198 1734,1189 1748,1182 1836,1186 1919,1191 1921,1191 1923,1191 1937,1184 1946,1179 1958,1184 1988,1196 1990,1196 1992,1196 1994,1196 2038,1182 2043,1182 2052,1182 2144,1196 2146,1196 2220,1179 2229,1177 2231,1179 2250,1193 2252,1193 2254,1193 2257,1196 2353,1196 2353,1193 2491,1173 2494,1161 2489,1124 2427,1124 2425,1124 2395,1108 2393,1108 2390,1108 2388,1108 2386,1108 2386,1110 2369,1124 2367,1127 2349,1124 2268,1115 2266,1115 2185,1127 2167,1129 2160,1127 2123,1110 2121,1110 2119,1110 2116,1110 2059,1129 2054,1129 2031,1110 2029,1110 2027,1110 2024,1110 2022,1110 1983,1129 1937,1113 1935,1113 1932,1113 1930,1113 1861,1131 1856,1131 1838,1115 1836,1115 1833,1115 1831,1115 1787,1124 1776,1115 1776,1113 1774,1113 1771,1113 1684,1113 1682,1113 1679,1113 1622,1133 1617,1133 1612,1133 1537,1117 1534,1117 1431,1133 1380,1117 1378,1117 1375,1117 1373,1117 1371,1117 1346,1136 1346,1138 1300,1138 1237,1138 1219,1124 1217,1124 1214,1124 1212,1124 1210,1124 1208,1124 1194,1131 1196,1175"/>
        <Baseline points="1196,1175 1774,1161 2494,1161"/>
        <TextEquiv conf="0.9763358145952225">
          <Unicode>Ppanderies nulle Riens que soies ꝯseilie</Unicode>
        </TextEquiv>
      </TextLine>

      
      
      <TextLine id="eSc_line_4db59ed8" custom="structure {type:default;}">
        <Coords points="1256,1232 1256,1244 1698,1253 1700,1253 1702,1253 1753,1239 1760,1239 1785,1239 1967,1248 1969,1248 1971,1248 1974,1248 1985,1237 1988,1237 1999,1237 2100,1246 2103,1246 2105,1246 2144,1235 2151,1235 2156,1235 2183,1246 2185,1246 2188,1246 2282,1235 2287,1235 2291,1235 2367,1246 2369,1246 2593,1230 2595,1219 2588,1182 2450,1184 2439,1182 2393,1170 2390,1170 2388,1170 2386,1170 2383,1170 2383,1173 2374,1179 2363,1173 2360,1173 2358,1173 2356,1173 2287,1184 2268,1186 2266,1184 2254,1175 2254,1173 2252,1173 2250,1173 2151,1173 2149,1173 2146,1173 2112,1186 2103,1189 2100,1186 2086,1175 2084,1175 2082,1175 2080,1175 2008,1186 2004,1186 2001,1186 1923,1175 1921,1175 1919,1175 1886,1186 1778,1177 1776,1177 1774,1177 1746,1189 1744,1191 1739,1189 1711,1177 1709,1177 1707,1177 1705,1177 1702,1177 1684,1191 1677,1193 1640,1191 1539,1182 1537,1182 1534,1182 1504,1191 1497,1196 1254,1196 1256,1232"/>
        <Baseline points="1256,1232 2595,1219"/>
        <TextEquiv conf="0.9942868020799425">
          <Unicode>e matin mouue day apreslaube esclaru</Unicode>
        </TextEquiv>
      </TextLine>

      
      
      <TextLine id="eSc_line_f1f46410" custom="structure {type:default;}">
        <Coords points="2590,1221 2577,1221 2556,1235 2554,1237 2369,1237 2367,1237 2298,1223 2296,1223 2132,1223 2130,1225 2112,1225 2109,1225 2107,1225 2091,1239 2024,1225 2022,1225 2020,1225 1971,1242 1930,1228 1928,1228 1925,1228 1847,1239 1803,1228 1801,1228 1799,1228 1797,1228 1794,1228 1794,1230 1778,1244 1479,1232 1477,1232 1474,1232 1472,1232 1454,1246 1267,1239 1265,1239 1263,1239 1233,1248 1235,1292 1235,1304 2535,1297 2680,1283 2682,1274 2680,1235 2590,1219 2590,1221"/>
        <Baseline points="1235,1292 1928,1274 2682,1274"/>
        <TextEquiv conf="0.9957883009096471">
          <Unicode>guant le dame lentent se fu dare ment lur</Unicode>
        </TextEquiv>
      </TextLine>

      
      
      <TextLine id="eSc_line_54262517" custom="structure {type:default;}">
        <Coords points="2397,1276 2390,1276 2349,1290 2344,1290 2337,1290 2243,1276 2241,1276 2238,1276 2204,1288 2139,1278 2137,1278 2135,1278 2132,1278 2132,1281 2130,1281 2119,1294 2047,1281 2045,1281 1737,1301 1700,1288 1698,1288 1695,1288 1693,1288 1658,1304 1654,1304 1431,1292 1428,1292 1426,1292 1394,1311 1316,1311 1318,1347 1323,1368 1332,1361 1355,1368 1380,1375 1382,1375 1385,1375 1387,1375 1408,1366 1431,1357 1447,1366 1465,1375 1468,1375 1470,1377 1548,1377 1548,1375 1550,1375 1608,1361 1635,1354 1672,1359 1764,1370 1767,1370 1769,1370 1771,1370 1771,1368 1785,1354 1790,1350 1806,1354 1854,1368 1856,1368 1859,1368 1861,1368 1895,1352 1907,1347 1925,1352 1992,1366 1994,1366 1997,1366 1999,1366 2022,1347 2024,1347 2034,1347 2084,1357 2086,1357 2213,1343 2241,1340 2250,1343 2326,1359 2328,1359 2455,1345 2556,1354 2558,1354 2560,1354 2602,1331 2602,1327 2597,1285 2432,1288 2429,1288 2409,1276 2397,1276"/>
        <Baseline points="1318,1347 2126,1324 2602,1327"/>
        <TextEquiv conf="0.9819819645749198">
          <Unicode>me sachur adit que point ne sy detre</Unicode>
        </TextEquiv>
      </TextLine>

      
      
      <TextLine id="eSc_line_864e8012" custom="structure {type:default;}">
        <Coords points="2593,1327 2577,1327 2542,1340 2540,1340 2404,1331 2402,1331 2399,1331 2337,1347 2335,1347 2333,1347 2287,1331 2284,1331 2282,1331 2280,1331 2277,1331 2252,1350 2211,1334 2208,1334 2206,1334 2128,1338 2126,1338 2123,1338 2123,1340 2121,1340 2109,1354 2107,1354 2006,1340 2004,1340 2001,1340 1999,1340 1971,1359 1969,1361 1898,1361 1893,1361 1824,1345 1822,1345 1820,1345 1785,1363 1711,1350 1709,1350 1707,1350 1649,1368 1647,1368 1642,1368 1541,1359 1539,1359 1537,1359 1534,1359 1511,1373 1509,1373 1438,1357 1435,1357 1433,1357 1362,1377 1357,1377 1352,1377 1244,1363 1242,1363 1240,1363 1212,1377 1214,1419 1214,1437 1408,1437 1440,1449 1442,1449 1445,1449 1541,1432 1596,1444 1599,1444 1601,1444 1670,1423 1677,1421 1682,1421 1746,1439 1748,1439 1751,1439 1895,1416 1907,1414 1916,1414 1969,1426 1971,1426 1974,1426 1976,1426 1992,1412 1994,1412 2001,1412 2068,1421 2070,1421 2206,1405 2225,1405 2227,1405 2266,1421 2268,1421 2271,1423 2349,1423 2349,1421 2351,1421 2353,1421 2383,1403 2595,1414 2597,1414 2600,1414 2676,1391 2676,1375 2671,1338 2593,1322 2593,1327"/>
        <Baseline points="1214,1419 2676,1375"/>
        <TextEquiv conf="0.9776141863802205">
          <Unicode> nuis foy que dox dieux uous ditelz courtoisie</Unicode>
        </TextEquiv>
      </TextLine>

      
      
      <TextLine id="eSc_line_0115300c" custom="structure {type:default;}">
        <Coords points="1415,1481 1415,1497 1702,1499 1705,1499 1707,1499 1757,1485 1764,1483 1778,1483 1877,1492 1879,1492 1882,1492 1939,1476 1946,1476 1969,1476 2098,1481 2100,1481 2344,1460 2344,1444 2337,1405 1410,1439 1415,1481"/>
        <Baseline points="1415,1481 2344,1444"/>
        <TextEquiv conf="0.9809854006767273">
          <Unicode>mainseray en ycelle nusie</Unicode>
        </TextEquiv>
      </TextLine>

      
      
      <TextLine id="eSc_line_3fe6ece0" custom="structure {type:default;}">
        <Coords points="2206,1451 2183,1451 2160,1453 2137,1453 2130,1455 2063,1474 1992,1465 1990,1465 1988,1465 1953,1483 1672,1490 1585,1478 1583,1478 1463,1494 1433,1481 1424,1481 1419,1474 1401,1465 1394,1460 1392,1460 1389,1460 1194,1465 1196,1534 1201,1563 1219,1550 1334,1559 1385,1561 1387,1561 1389,1561 1392,1561 1396,1557 1405,1550 1599,1550 1854,1550 1856,1550 1859,1550 1886,1540 1905,1534 1916,1538 1935,1547 1937,1547 1939,1547 1942,1547 1944,1547 1960,1538 1967,1534 1976,1538 1997,1545 1999,1545 2001,1545 2004,1545 2006,1545 2006,1543 2015,1536 2020,1531 2057,1534 2142,1543 2144,1543 2146,1543 2169,1531 2179,1527 2222,1529 2356,1538 2358,1538 2471,1520 2473,1504 2466,1453 2344,1474 2307,1453 2300,1451 2298,1451 2296,1451 2275,1453 2254,1458 2234,1455 2208,1449 2206,1451"/>
        <Baseline points="1196,1534 2473,1504"/>
        <TextEquiv conf="0.9827304209981645">
          <Unicode>fuent moy demores en me sale uantie</Unicode>
        </TextEquiv>
      </TextLine>

      
      
      <TextLine id="eSc_line_84889947" custom="structure {type:default;}">
        <Coords points="1311,1591 1311,1607 2402,1586 2487,1570 2487,1559 2482,1529 2351,1520 2349,1520 2280,1531 2238,1520 2236,1520 2234,1520 2231,1520 2229,1520 2213,1534 2211,1536 2109,1536 2107,1536 2096,1524 2093,1524 2091,1524 2089,1524 1976,1538 1955,1540 1895,1540 1585,1536 1583,1536 1309,1552 1311,1591"/>
        <Baseline points="1311,1591 2487,1559"/>
        <TextEquiv conf="0.971186855009624">
          <Unicode>souperes aumt aurue me maune</Unicode>
        </TextEquiv>
      </TextLine>

      
      
      <TextLine id="eSc_line_4f925d44" custom="structure {type:default;}">
        <Coords points="1233,1534 1212,1534 1187,1540 1189,1593 1189,1612 1256,1609 1256,1591 1247,1534 1233,1534"/>
        <Baseline points="1189,1593 1256,1591"/>
        <TextEquiv conf="0.9982593655586243">
          <Unicode>E</Unicode>
        </TextEquiv>
      </TextLine>

      
      
      <TextLine id="eSc_line_e6f58272" custom="structure {type:default;}">
        <Coords points="1263,1644 1263,1672 1771,1649 1806,1655 1833,1660 1836,1660 1999,1649 2112,1642 2128,1644 2158,1653 2160,1653 2162,1653 2289,1639 2300,1639 2305,1639 2353,1649 2356,1649 2358,1649 2360,1649 2379,1637 2381,1635 2383,1637 2397,1646 2399,1646 2402,1646 2404,1646 2482,1632 2482,1616 2475,1580 1260,1605 1263,1644"/>
        <Baseline points="1263,1644 2482,1616"/>
        <TextEquiv conf="0.9923545022805532">
          <Unicode>⁊ chreuo ly acorda qui ama glontreme</Unicode>
        </TextEquiv>
      </TextLine>

      
      
      <TextLine id="eSc_line_c1eacfbe" custom="structure {type:default;}">
        <Coords points="1237,1708 1237,1727 1580,1727 1580,1724 1732,1711 1778,1706 1792,1708 1836,1718 1838,1718 1840,1718 1843,1718 1856,1706 1861,1701 1923,1701 1930,1704 1944,1713 1946,1713 1948,1713 1951,1713 2096,1699 2100,1699 2103,1699 2342,1704 2344,1704 2346,1704 2381,1692 2420,1701 2422,1701 2425,1701 2427,1701 2480,1685 2480,1674 2475,1635 2335,1628 2333,1628 2330,1628 2328,1628 2312,1637 2303,1644 2218,1644 2211,1642 2192,1632 2190,1632 2188,1632 2121,1644 2098,1646 2082,1644 2020,1635 2017,1635 1919,1649 1886,1653 1875,1651 1845,1639 1843,1639 1840,1639 1838,1639 1813,1653 1808,1653 1801,1653 1748,1642 1746,1642 1649,1655 1624,1660 1612,1658 1578,1646 1576,1646 1573,1646 1571,1646 1569,1646 1553,1660 1546,1662 1516,1660 1405,1651 1403,1651 1401,1651 1398,1651 1398,1653 1387,1665 1382,1669 1235,1669 1237,1708"/>
        <Baseline points="1237,1708 1801,1685 2480,1674"/>
        <TextEquiv conf="0.9920070265468798">
          <Unicode>e mel lu bien soruy E car le Rome prie</Unicode>
        </TextEquiv>
      </TextLine>

      
      
      <TextLine id="eSc_line_03795256" custom="structure {type:default;}">
        <Coords points="2376,1676 2374,1676 2372,1676 2342,1692 2340,1692 2277,1681 2275,1681 2273,1681 2236,1695 2234,1695 2231,1695 2172,1685 2169,1685 2063,1697 1997,1685 1994,1685 1992,1685 1960,1701 1958,1701 1886,1688 1884,1688 1882,1688 1824,1704 1792,1690 1790,1690 1787,1690 1785,1690 1755,1706 1700,1692 1698,1692 1695,1692 1608,1711 1601,1711 1594,1711 1541,1699 1539,1699 1465,1713 1463,1713 1438,1701 1417,1701 1394,1704 1382,1704 1233,1718 1235,1761 1235,1773 1325,1787 1327,1787 1392,1784 1394,1784 1396,1784 1419,1768 1421,1768 1431,1768 1511,1782 1514,1782 1516,1782 1573,1766 1576,1766 1578,1766 1695,1777 1698,1777 1868,1757 1886,1754 1997,1754 2024,1768 2027,1768 2029,1768 2031,1768 2034,1768 2050,1754 2109,1754 2158,1766 2160,1766 2162,1766 2261,1750 2344,1761 2346,1761 2349,1761 2386,1745 2388,1745 2533,1757 2535,1757 2537,1757 2600,1738 2600,1727 2593,1688 2524,1688 2505,1674 2503,1674 2501,1674 2498,1674 2496,1674 2494,1674 2494,1676 2480,1690 2466,1690 2429,1690 2427,1690 2379,1676 2376,1676"/>
        <Baseline points="1235,1761 1889,1736 2600,1727"/>
        <TextEquiv conf="0.9878300521108839">
          <Unicode>don ly uoist aportant le piuẽfort uinlur lie</Unicode>
        </TextEquiv>
      </TextLine>

      
      
      <TextLine id="eSc_line_300fe0f7" custom="structure {type:default;}">
        <Coords points="2369,1731 2367,1731 2365,1731 2312,1743 2287,1747 2282,1743 2273,1736 2271,1736 2268,1736 2172,1736 2169,1736 2167,1736 2135,1747 2121,1752 2093,1747 2036,1741 2034,1741 2031,1741 2029,1741 2029,1743 2020,1750 2015,1754 2008,1750 1985,1743 1983,1743 1981,1743 1905,1754 1852,1761 1838,1754 1822,1747 1820,1747 1817,1747 1755,1757 1705,1768 1612,1768 1599,1761 1587,1754 1585,1754 1583,1754 1580,1754 1578,1754 1576,1754 1562,1764 1548,1773 1449,1773 1440,1766 1433,1759 1431,1759 1428,1759 1426,1759 1424,1759 1405,1768 1389,1775 1373,1768 1362,1764 1359,1764 1357,1764 1355,1764 1336,1768 1311,1777 1247,1773 1249,1814 1249,1833 1477,1844 1479,1844 1705,1835 1707,1835 1709,1835 1728,1821 1783,1835 1785,1835 1787,1835 1932,1812 1939,1812 1944,1812 1999,1821 2001,1821 2057,1810 2080,1823 2082,1823 2084,1823 2086,1823 2245,1803 2250,1803 2254,1803 2473,1812 2475,1812 2478,1812 2514,1793 2514,1777 2508,1738 2450,1743 2443,1738 2436,1731 2434,1731 2432,1731 2429,1731 2427,1731 2404,1741 2390,1745 2383,1741 2372,1731 2369,1731"/>
        <Baseline points="1249,1814 1693,1810 2146,1784 2514,1777"/>
        <TextEquiv conf="0.9754640473560854">
          <Unicode>dui soit en ses chelirrs lybontiliers lotrie</Unicode>
        </TextEquiv>
      </TextLine>

      
      
      <TextLine id="eSc_line_e47456d5" custom="structure {type:default;}">
        <Coords points="1237,1881 1237,1902 1304,1902 1306,1902 1339,1918 1341,1918 1343,1918 1346,1918 1394,1897 1403,1895 1486,1895 1502,1895 1541,1908 1543,1908 1546,1908 1594,1904 1596,1904 1599,1904 1599,1902 1615,1888 1619,1885 1631,1888 1702,1897 1705,1897 1815,1890 1817,1890 1820,1890 1836,1879 1838,1876 1849,1876 1974,1890 1976,1890 2089,1865 2096,1865 2100,1865 2153,1881 2156,1881 2158,1881 2160,1881 2197,1862 2234,1876 2236,1876 2238,1876 2241,1876 2243,1876 2243,1874 2257,1862 2294,1869 2296,1869 2298,1869 2344,1853 2344,1837 2337,1800 2257,1807 2236,1805 2179,1793 2176,1793 2174,1793 2121,1810 2105,1814 2098,1810 2075,1798 2073,1798 2070,1798 2068,1798 2029,1814 2015,1819 2004,1814 1969,1803 1967,1803 1965,1803 1884,1821 1859,1826 1847,1821 1815,1810 1813,1810 1810,1810 1808,1810 1806,1810 1780,1826 1774,1826 1640,1835 1624,1833 1573,1821 1571,1821 1569,1821 1537,1837 1527,1839 1511,1837 1440,1826 1438,1826 1435,1826 1373,1844 1364,1846 1362,1844 1348,1833 1348,1830 1346,1830 1343,1830 1341,1830 1279,1833 1277,1833 1235,1846 1237,1881"/>
        <Baseline points="1237,1881 1642,1874 2344,1837"/>
        <TextEquiv conf="0.9740609220556311">
          <Unicode>e uin ua querir tost en sa boutilerie</Unicode>
        </TextEquiv>
      </TextLine>

      
      
      <TextLine id="eSc_line_12ed53e8" custom="structure {type:default;}">
        <Coords points="1852,1865 1829,1865 1806,1867 1797,1867 1741,1876 1714,1881 1635,1879 1530,1876 1530,1876 1507,1876 1484,1879 1461,1879 1438,1879 1415,1879 1408,1885 1405,1890 1277,1890 1279,1929 1281,1964 1318,1948 1456,1945 1518,1954 1537,1957 1539,1957 1541,1957 1543,1957 1548,1954 1571,1938 1592,1952 1594,1954 1596,1954 1599,1954 1601,1954 1624,1950 1693,1936 1721,1948 1725,1948 1728,1948 1730,1948 1732,1948 1734,1948 1734,1945 1748,1934 1783,1945 1801,1950 1803,1950 1806,1950 1916,1945 1919,1945 1921,1945 1930,1938 1946,1929 1997,1936 2054,1943 2057,1943 2059,1943 2080,1931 2096,1925 2130,1931 2179,1938 2181,1938 2183,1938 2185,1938 2185,1936 2195,1927 2199,1922 2282,1920 2291,1925 2300,1931 2303,1931 2305,1931 2307,1931 2360,1922 2379,1918 2386,1920 2413,1934 2416,1934 2418,1934 2420,1934 2462,1918 2462,1915 2595,1911 2597,1895 2593,1856 2420,1846 2418,1846 2312,1860 2190,1853 2188,1853 2185,1853 2158,1865 2149,1869 2139,1867 2109,1856 2107,1856 2105,1856 2103,1856 2075,1867 2066,1872 2004,1869 1861,1862 1852,1865"/>
        <Baseline points="1279,1929 2597,1895"/>
        <TextEquiv conf="0.9679517561481112">
          <Unicode>t le dẽne au mesach qui faisoit chiere li</Unicode>
        </TextEquiv>
      </TextLine>

      
      
      <TextLine id="eSc_line_285b3413" custom="structure {type:default;}">
        <Coords points="1198,2000 1198,2019 1233,2028 1235,2028 1237,2028 1281,2017 1302,2012 1323,2014 1380,2023 1382,2023 1385,2023 1408,2012 1417,2007 1458,2010 1576,2017 1578,2017 1580,2017 1626,2003 1645,1998 1658,2000 1698,2012 1700,2012 1702,2012 1705,2012 1732,1998 1739,1996 1760,1998 1836,2005 1838,2005 1840,2005 1882,1994 1895,1989 1905,1991 1942,2003 1944,2003 1946,2003 1948,2003 2008,1987 2024,1984 2040,1987 2112,1996 2114,1996 2116,1996 2146,1982 2151,1980 2158,1982 2206,1994 2208,1994 2211,1994 2462,1968 2464,1954 2459,1915 2388,1904 2386,1904 2277,1920 2250,1922 2238,1920 2202,1911 2199,1911 2197,1911 2195,1911 2192,1911 2179,1922 2174,1925 2165,1922 2137,1913 2135,1913 2132,1913 2130,1913 2096,1925 2066,1931 1953,1927 1923,1927 1921,1927 1902,1929 1817,1941 1778,1931 1757,1927 1755,1927 1753,1927 1707,1934 1619,1948 1580,1936 1569,1934 1566,1934 1564,1934 1534,1938 1435,1954 1382,1941 1378,1941 1375,1941 1373,1941 1371,1941 1364,1943 1306,1959 1196,1948 1198,2000"/>
        <Baseline points="1198,2000 2464,1954"/>
        <TextEquiv conf="0.9913825016272696">
          <Unicode>Et il menga et but tant a se cõmandie</Unicode>
        </TextEquiv>
      </TextLine>

      
      
      <TextLine id="eSc_line_3049053b" custom="structure {type:default;}">
        <Coords points="1235,2053 1235,2088 1297,2086 1300,2086 1343,2065 1382,2083 1385,2083 1387,2083 1389,2083 1398,2083 1449,2072 1553,2076 1587,2076 1589,2076 1592,2076 1601,2074 1663,2056 1723,2070 1732,2070 1734,2070 1737,2070 1744,2067 1810,2049 2031,2044 2066,2056 2091,2063 2093,2063 2096,2063 2153,2060 2156,2060 2158,2060 2172,2051 2190,2040 2211,2049 2231,2058 2234,2058 2236,2058 2238,2058 2241,2058 2241,2056 2252,2046 2264,2037 2353,2042 2487,2051 2489,2051 2625,2030 2625,2014 2620,1975 2494,1961 2491,1961 2489,1961 2487,1961 2471,1975 2358,1966 2356,1966 2353,1966 2351,1966 2330,1982 2328,1982 2289,1968 2287,1968 2284,1968 2176,1971 2105,1987 2096,1989 2080,1989 1951,1977 1948,1977 1946,1977 1944,1977 1944,1980 1942,1980 1932,1991 1930,1994 1928,1991 1884,1980 1882,1980 1879,1980 1877,1980 1847,1994 1843,1996 1838,1996 1797,1982 1794,1982 1792,1982 1721,1998 1705,2000 1679,1998 1564,1989 1562,1989 1560,1989 1557,1989 1539,2003 1534,2005 1504,2003 1396,1996 1394,1996 1392,1996 1389,1996 1373,2007 1366,2012 1233,2012 1235,2053"/>
        <Baseline points="1235,2053 1999,2023 2625,2014"/>
        <TextEquiv conf="0.9774964652955532">
          <Unicode>fuir plus fu euyures suues soupe moullie</Unicode>
        </TextEquiv>
      </TextLine>

      
      
      <TextLine id="eSc_line_a96ac0fb" custom="structure {type:default;}">
        <Coords points="1198,2118 1198,2127 1479,2134 1481,2134 1546,2122 1569,2118 1589,2120 1645,2132 1647,2132 1649,2132 1695,2118 1721,2111 1988,2109 1997,2113 2006,2120 2008,2120 2011,2120 2013,2120 2100,2111 2156,2106 2172,2111 2206,2120 2208,2120 2211,2120 2213,2120 2215,2120 2227,2109 2231,2106 2264,2109 2402,2120 2404,2120 2567,2102 2570,2095 2567,2053 2480,2033 2478,2033 2475,2033 2404,2056 2399,2058 2307,2058 2294,2058 2268,2035 2266,2035 2264,2035 2261,2035 2158,2037 2156,2037 2098,2056 2045,2040 2043,2040 2040,2040 1976,2051 1859,2042 1856,2042 1854,2042 1852,2042 1836,2053 1803,2042 1801,2042 1799,2042 1730,2053 1661,2046 1658,2046 1656,2046 1654,2046 1654,2049 1631,2067 1631,2070 1615,2070 1555,2070 1520,2051 1518,2051 1516,2051 1514,2051 1470,2072 1348,2072 1329,2058 1327,2058 1325,2058 1323,2058 1196,2074 1198,2118"/>
        <Baseline points="1198,2118 1849,2086 2570,2095"/>
        <TextEquiv conf="0.9834940830866495">
          <Unicode>Relleuent sen yura pour uoir le uous a sie</Unicode>
        </TextEquiv>
      </TextLine>

      
      
      <TextLine id="eSc_line_041f8bf1" custom="structure {type:default;}">
        <Coords points="1249,2164 1249,2187 1532,2187 1532,2185 1534,2185 1537,2185 1541,2180 1550,2173 1656,2178 1675,2178 1677,2178 1679,2178 1682,2178 1695,2166 1806,2166 1820,2175 1826,2180 1829,2180 1831,2180 1833,2180 1836,2180 1849,2173 1870,2164 2015,2171 2123,2175 2126,2175 2542,2159 2542,2141 2537,2106 2222,2095 2220,2095 2218,2095 2215,2095 2199,2109 2132,2097 2130,2097 2059,2111 1978,2097 1976,2097 1974,2097 1944,2109 1730,2102 1728,2102 1612,2118 1610,2118 1608,2118 1539,2104 1537,2104 1534,2104 1500,2120 1497,2120 1486,2120 1364,2111 1362,2111 1247,2122 1249,2164"/>
        <Baseline points="1249,2164 1813,2143 2542,2141"/>
        <TextEquiv conf="0.9888086478884627">
          <Unicode>cuil ne scet ou al est ne enquelle partie</Unicode>
        </TextEquiv>
      </TextLine>

      
      
      <TextLine id="eSc_line_4421e6cb" custom="structure {type:default;}">
        <Coords points="1210,2237 1210,2258 1270,2247 1343,2254 1364,2256 1366,2256 1369,2256 1371,2256 1373,2254 1394,2242 1500,2249 1516,2249 1518,2249 1520,2249 1525,2249 1562,2237 1587,2247 1596,2249 1599,2249 1601,2249 1677,2247 1679,2247 1682,2247 1682,2244 1684,2242 1695,2233 1730,2242 1748,2244 1751,2244 1794,2240 1868,2226 2089,2221 2126,2226 2160,2233 2162,2233 2455,2214 2455,2203 2450,2164 2353,2152 2351,2152 2349,2152 2346,2152 2346,2155 2335,2166 2280,2168 2231,2168 2229,2168 2169,2152 2167,2152 2165,2152 2162,2152 2160,2152 2132,2171 2084,2155 2082,2155 2080,2155 2077,2155 1997,2175 1994,2175 1990,2175 1928,2159 1925,2159 1923,2159 1829,2173 1684,2166 1682,2166 1679,2166 1677,2166 1649,2185 1606,2168 1603,2168 1601,2168 1543,2171 1541,2171 1539,2171 1539,2173 1520,2189 1500,2175 1497,2175 1495,2175 1493,2175 1491,2175 1445,2191 1440,2191 1431,2191 1364,2182 1362,2182 1208,2196 1210,2237"/>
        <Baseline points="1210,2237 1872,2208 2455,2203"/>
        <TextEquiv conf="0.9838925699392954">
          <Unicode>e rome le uoit point ne fu courechie</Unicode>
        </TextEquiv>
      </TextLine>

      
      
      <TextLine id="eSc_line_47574450" custom="structure {type:default;}">
        <Coords points="2685,2187 2613,2201 2588,2191 2572,2185 2570,2185 2567,2185 2565,2185 2544,2194 2512,2205 2452,2198 2452,2205 2429,2205 2418,2205 2411,2212 2121,2224 2077,2214 2050,2210 2047,2210 2006,2219 1978,2224 1928,2221 1847,2219 1845,2219 1843,2219 1815,2228 1771,2240 1695,2233 1638,2228 1635,2228 1189,2256 1191,2304 1191,2339 1286,2336 1288,2336 1290,2336 1290,2334 1306,2318 1385,2329 1387,2329 1389,2329 1454,2311 1493,2325 1495,2325 1497,2325 1500,2325 1502,2325 1504,2325 1504,2323 1523,2309 1571,2309 1610,2318 1626,2320 1629,2320 1631,2320 1633,2320 1633,2318 1638,2316 1652,2302 1859,2302 1919,2302 1921,2302 1923,2302 1939,2297 1985,2286 2050,2290 2126,2297 2128,2297 2195,2283 2234,2274 2277,2277 2374,2286 2376,2286 2379,2286 2429,2270 2572,2277 2574,2277 2705,2251 2705,2233 2699,2198 2685,2187"/>
        <Baseline points="1191,2304 1935,2263 2441,2254 2705,2233"/>
        <TextEquiv conf="0.9557488414706016">
          <Unicode>Ee aistases sergans biaux seigneurẽ Ie uous prie</Unicode>
        </TextEquiv>
      </TextLine>

      
      
      <TextLine id="eSc_line_8270bab1" custom="structure {type:default;}">
        <Coords points="1173,2362 1175,2392 1210,2382 1219,2389 1226,2396 1228,2396 1231,2396 1233,2396 1235,2396 1256,2389 1286,2378 1306,2387 1318,2392 1320,2392 1323,2392 1421,2380 1456,2378 1472,2378 1539,2385 1541,2385 1543,2385 1576,2373 1606,2364 1686,2369 1739,2371 1741,2371 1744,2371 1767,2364 1794,2357 1831,2362 1902,2371 1905,2371 1907,2371 1955,2355 1974,2350 1988,2355 2022,2366 2024,2366 2027,2366 2029,2366 2031,2366 2050,2352 2057,2346 2100,2346 2158,2346 2399,2352 2402,2352 2404,2352 2406,2352 2427,2334 2478,2348 2480,2348 2482,2348 2485,2348 2549,2327 2549,2313 2542,2272 2443,2277 2436,2274 2409,2265 2406,2265 2404,2265 2344,2279 2330,2281 2326,2279 2314,2267 2312,2267 2310,2267 2307,2267 2305,2267 2303,2267 2284,2279 2275,2286 2225,2286 2218,2281 2185,2272 2183,2272 2181,2272 2179,2272 2149,2286 2139,2288 2116,2286 2036,2277 2034,2277 2031,2277 1988,2290 1969,2295 1937,2293 1849,2283 1847,2283 1746,2300 1709,2304 1698,2300 1668,2290 1665,2290 1663,2290 1661,2290 1619,2304 1599,2309 1585,2304 1553,2295 1550,2295 1548,2295 1546,2295 1543,2295 1530,2306 1523,2311 1493,2309 1419,2300 1417,2300 1339,2304 1336,2304 1334,2304 1334,2306 1325,2313 1320,2320 1171,2320 1173,2362"/>
        <Baseline points="1173,2362 2059,2325 2549,2313"/>
        <TextEquiv conf="0.96597820520401">
          <Unicode>Penses de fe cae mesage lors cascun seusõmie</Unicode>
        </TextEquiv>
      </TextLine>

      
      
      <TextLine id="eSc_line_c2bc04af" custom="structure {type:default;}">
        <Coords points="1203,2426 1203,2440 1306,2458 1309,2458 1311,2458 1313,2458 1339,2440 1398,2451 1401,2451 1629,2444 1762,2424 1840,2412 1852,2421 1854,2421 1856,2421 1859,2421 1866,2421 1914,2410 1930,2419 1939,2426 1942,2426 1944,2426 1946,2426 1948,2426 1971,2417 2006,2405 2344,2405 2349,2382 2344,2339 2266,2332 2264,2332 2188,2346 2179,2346 2172,2346 2119,2334 2116,2334 2114,2334 2112,2334 2112,2336 2098,2348 2096,2350 2089,2348 2057,2336 2054,2336 2052,2336 2050,2336 2047,2336 2031,2348 1946,2341 1944,2341 1942,2341 1902,2352 1882,2362 1654,2366 1642,2362 1629,2355 1626,2355 1624,2355 1622,2355 1599,2362 1566,2373 1500,2366 1465,2362 1463,2362 1461,2362 1445,2366 1410,2380 1378,2369 1375,2369 1373,2369 1371,2369 1369,2369 1364,2369 1302,2385 1198,2375 1203,2426"/>
        <Baseline points="1203,2426 1569,2415 2045,2382 2349,2382"/>
        <TextEquiv conf="0.9749462183784036">
          <Unicode>Pu mesare suir carcassuns le curie</Unicode>
        </TextEquiv>
      </TextLine>

      
      
      <TextLine id="eSc_line_a46203d9" custom="structure {type:default;}">
        <Coords points="1362,2421 1359,2421 1357,2421 1350,2421 1332,2438 1323,2444 1293,2438 1251,2431 1249,2431 1198,2442 1201,2484 1201,2497 1688,2497 1688,2495 1744,2490 1746,2490 1748,2490 1748,2488 1767,2472 1829,2488 1831,2488 1833,2488 1836,2488 1877,2467 1912,2479 1914,2479 1916,2479 1919,2479 1955,2463 1960,2463 2006,2481 2008,2481 2011,2481 2013,2481 2015,2481 2015,2479 2038,2461 2123,2467 2126,2467 2372,2444 2372,2428 2365,2387 2323,2401 2273,2392 2250,2387 2248,2387 2213,2394 2179,2401 2160,2396 2137,2389 2135,2389 2132,2389 2130,2389 2128,2389 2128,2392 2119,2398 2112,2405 2103,2398 2091,2392 2089,2392 2086,2392 2084,2392 1974,2405 1935,2410 1928,2408 1909,2398 1907,2398 1905,2398 1902,2398 1900,2398 1889,2410 1877,2419 1847,2412 1813,2403 1810,2403 1808,2403 1806,2403 1803,2403 1803,2405 1792,2415 1780,2426 1748,2417 1739,2415 1737,2415 1734,2415 1732,2415 1730,2415 1725,2417 1705,2431 1560,2435 1548,2426 1546,2424 1543,2424 1541,2424 1539,2424 1518,2428 1463,2440 1426,2433 1405,2428 1403,2428 1401,2428 1398,2428 1394,2433 1385,2440 1378,2435 1364,2421 1362,2421"/>
        <Baseline points="1201,2484 1633,2474 1942,2442 2372,2428"/>
        <TextEquiv conf="0.9834481069019863">
          <Unicode>de boire loiement ly mesages lotrie</Unicode>
        </TextEquiv>
      </TextLine>

      
      
      <TextLine id="eSc_line_511924c3" custom="structure {type:default;}">
        <Coords points="2369,2431 2346,2431 2337,2431 2261,2447 2238,2451 2225,2449 2172,2440 2169,2440 2167,2440 2139,2454 2135,2458 2075,2458 1891,2458 1889,2458 1886,2458 1884,2458 1884,2461 1882,2461 1877,2467 1872,2472 1863,2467 1856,2465 1854,2465 1852,2465 1849,2465 1838,2470 1815,2479 1799,2472 1785,2465 1783,2465 1780,2465 1778,2465 1748,2474 1707,2488 1244,2500 1249,2548 1249,2578 1343,2580 1346,2580 1348,2580 1350,2580 1350,2578 1352,2578 1357,2571 1359,2569 1375,2571 1461,2580 1463,2580 1615,2553 1649,2548 1654,2550 1672,2564 1675,2564 1677,2564 1679,2564 1780,2559 1783,2559 1822,2539 1831,2534 1889,2532 1895,2534 1935,2548 1937,2548 1939,2548 1988,2546 1990,2546 1992,2546 1992,2543 2011,2527 2054,2541 2057,2541 2059,2541 2061,2541 2063,2541 2063,2539 2082,2520 2082,2518 2135,2516 2142,2516 2199,2532 2202,2532 2204,2532 2206,2532 2208,2532 2208,2530 2231,2511 2284,2525 2287,2525 2289,2525 2291,2525 2294,2525 2319,2504 2321,2502 2473,2493 2473,2472 2468,2438 2369,2428 2369,2431"/>
        <Baseline points="1249,2548 1543,2541 1981,2500 2473,2472"/>
        <TextEquiv conf="0.9801744982600212">
          <Unicode>u uin fort ⁊ poissant a syqris se partie</Unicode>
        </TextEquiv>
      </TextLine>

      
      
      <TextLine id="eSc_line_ab406e41" custom="structure {type:default;}">
        <Coords points="1214,2612 1214,2640 1332,2645 1334,2645 1445,2626 1458,2638 1458,2640 1461,2640 1463,2640 1465,2640 1468,2640 1516,2626 1539,2640 1541,2640 1543,2640 1546,2640 1548,2640 1550,2640 1583,2619 1693,2628 1695,2628 1698,2628 1741,2605 1746,2603 1757,2605 1840,2619 1843,2619 1845,2619 1879,2605 1939,2608 1942,2608 1944,2608 1946,2608 1946,2605 1948,2605 1958,2594 2038,2605 2040,2605 2043,2605 2073,2589 2100,2601 2103,2601 2105,2601 2319,2585 2321,2585 2323,2585 2323,2582 2340,2566 2344,2562 2349,2564 2390,2580 2393,2580 2395,2580 2397,2580 2399,2580 2429,2559 2439,2555 2517,2555 2517,2527 2512,2488 2491,2481 2489,2481 2487,2481 2485,2481 2457,2493 2441,2500 2429,2495 2406,2486 2404,2486 2402,2486 2326,2502 2321,2502 2307,2493 2305,2493 2303,2493 2300,2493 2298,2493 2296,2493 2296,2495 2287,2504 2280,2511 2264,2504 2238,2497 2236,2497 2234,2497 2231,2497 2229,2497 2213,2509 2199,2518 2174,2511 2149,2504 2146,2504 2144,2504 2096,2516 2057,2525 2031,2520 2008,2513 2006,2513 2004,2513 2001,2513 1999,2513 1988,2523 1969,2534 1932,2525 1905,2520 1902,2520 1900,2520 1898,2520 1889,2527 1870,2541 1817,2532 1792,2530 1790,2530 1787,2530 1785,2530 1785,2532 1780,2534 1767,2550 1675,2555 1652,2543 1647,2539 1645,2539 1642,2539 1640,2539 1638,2539 1624,2543 1589,2559 1511,2555 1509,2555 1410,2573 1378,2559 1375,2559 1373,2559 1210,2569 1214,2612"/>
        <Baseline points="1214,2612 1744,2594 2517,2527"/>
        <TextEquiv conf="0.993451367586087">
          <Unicode>uequant il se drecha le teste ly toupte</Unicode>
        </TextEquiv>
      </TextLine>

      
      
      <TextLine id="eSc_line_9d366e55" custom="structure {type:default;}">
        <Coords points="2701,2601 2689,2596 2560,2589 2558,2589 2491,2601 2489,2601 2471,2585 2468,2585 2466,2585 2379,2585 2376,2585 2374,2585 2372,2585 2351,2601 2321,2587 2319,2587 2317,2587 2225,2589 2222,2589 2220,2589 2195,2605 2190,2605 2059,2589 2057,2589 1930,2592 1928,2592 1925,2592 1925,2594 1916,2603 1891,2594 1889,2594 1886,2594 1884,2594 1852,2608 1769,2594 1767,2594 1764,2594 1693,2612 1585,2603 1583,2603 1580,2603 1578,2603 1560,2617 1424,2617 1408,2605 1389,2608 1382,2608 1274,2619 1277,2665 1277,2693 1350,2681 1468,2688 1470,2688 1472,2688 1474,2688 1491,2674 1504,2686 1504,2688 1507,2688 1509,2688 1511,2688 1514,2688 1557,2677 1578,2686 1580,2686 1583,2686 1585,2686 1629,2663 1741,2661 1792,2684 1794,2684 1797,2684 1799,2684 1801,2684 1891,2661 1925,2661 1942,2674 1942,2677 1944,2677 1946,2677 1948,2677 1951,2677 1990,2656 2050,2656 2199,2668 2202,2668 2277,2654 2312,2672 2314,2672 2317,2672 2319,2672 2321,2672 2321,2670 2340,2654 2409,2672 2420,2674 2422,2674 2425,2674 2719,2665 2722,2645 2719,2608 2701,2601"/>
        <Baseline points="1277,2665 2011,2633 2722,2645"/>
        <TextEquiv conf="0.9817842346865956">
          <Unicode>nalast x prel lont pour tout lor de paine</Unicode>
        </TextEquiv>
      </TextLine>

      
      
      <TextLine id="eSc_line_5cb300d4" custom="structure {type:default;}">
        <Coords points="2086,2635 2084,2635 2082,2635 2061,2649 2017,2638 2015,2638 2013,2638 2011,2638 1976,2654 1953,2663 1854,2654 1771,2645 1757,2645 1741,2645 1734,2654 1723,2661 1711,2654 1707,2649 1705,2649 1702,2649 1700,2649 1698,2649 1688,2654 1652,2668 1608,2654 1601,2651 1596,2651 1573,2654 1569,2654 1523,2672 1493,2658 1491,2658 1488,2658 1486,2658 1484,2658 1484,2661 1470,2674 1283,2677 1260,2656 1260,2654 1258,2654 1256,2654 1205,2654 1208,2716 1208,2734 2468,2714 2468,2693 2464,2654 2289,2656 2280,2654 2264,2642 2261,2642 2259,2642 2257,2642 2192,2654 2181,2654 2172,2654 2089,2635 2086,2635"/>
        <Baseline points="1208,2716 1953,2693 2468,2693"/>
        <TextEquiv conf="0.9770642455135073">
          <Unicode>Ains quey ale table qui est luen entailler</Unicode>
        </TextEquiv>
      </TextLine>

      
      
      <TextLine id="eSc_line_f7790798" custom="structure {type:default;}">
        <Coords points="2312,2695 2195,2711 2139,2700 2137,2700 2034,2716 2024,2716 2020,2716 1942,2704 1939,2704 1937,2704 1935,2704 1912,2718 1909,2718 1891,2718 1665,2711 1663,2711 1661,2711 1658,2711 1638,2723 1635,2725 1610,2725 1486,2716 1484,2716 1481,2716 1479,2716 1465,2727 1463,2727 1456,2727 1369,2718 1366,2718 1178,2732 1180,2776 1182,2803 1240,2789 1290,2801 1318,2808 1320,2808 1323,2808 1355,2801 1380,2794 1389,2799 1396,2806 1398,2806 1401,2806 1403,2806 1442,2799 1465,2794 1477,2799 1491,2803 1493,2803 1495,2803 1497,2803 1500,2803 1509,2796 1525,2785 1539,2796 1548,2803 1550,2803 1553,2803 1555,2803 1557,2803 1587,2794 1652,2778 1723,2792 1728,2792 1730,2792 1732,2792 1774,2776 1822,2789 1829,2792 1831,2792 1833,2792 1836,2792 1840,2789 1870,2773 1898,2787 1900,2789 1902,2789 1905,2789 1921,2787 2031,2769 2137,2783 2174,2787 2176,2787 2179,2787 2192,2783 2234,2764 2303,2780 2323,2783 2326,2783 2409,2776 2409,2746 2404,2709 2314,2695 2312,2695"/>
        <Baseline points="1180,2776 2409,2746"/>
        <TextEquiv conf="0.9912513941526413">
          <Unicode>Pait faly que il not une cuisse brqu</Unicode>
        </TextEquiv>
      </TextLine>

      
      
      <TextLine id="eSc_line_f7f6b611" custom="structure {type:default;}">
        <Coords points="1649,2766 1642,2766 1612,2778 1587,2787 1281,2783 1283,2833 1283,2858 1534,2856 1537,2856 1585,2840 1640,2856 1642,2856 1645,2856 1647,2856 1649,2856 1652,2856 1684,2835 1820,2849 1822,2849 1824,2849 1866,2835 2063,2835 2109,2849 2112,2849 2114,2849 2116,2849 2119,2849 2135,2835 2275,2833 2367,2845 2369,2845 2372,2845 2406,2831 2503,2833 2519,2847 2519,2849 2521,2849 2524,2849 2526,2849 2694,2845 2696,2822 2687,2766 2664,2783 2604,2783 2590,2769 2581,2762 2581,2760 2579,2760 2577,2760 2574,2760 2572,2760 2551,2769 2533,2776 2517,2769 2494,2760 2491,2760 2489,2760 2445,2769 2388,2785 2349,2785 2333,2771 2323,2762 2321,2762 2319,2762 2317,2762 2241,2771 2156,2783 2137,2773 2116,2762 2114,2762 2112,2762 2109,2762 2068,2773 2031,2783 1969,2773 1893,2764 1891,2764 1806,2776 1785,2778 1764,2776 1661,2764 1649,2766"/>
        <Baseline points="1283,2833 1914,2815 2696,2822"/>
        <TextEquiv conf="0.9822873981987558">
          <Unicode>⁊ quant il se releua ahaite uoisz sesirie</Unicode>
        </TextEquiv>
      </TextLine>

      
      
      <TextLine id="eSc_line_8777aad7" custom="structure {type:default;}">
        <Coords points="2420,2819 2386,2835 2342,2822 2340,2822 2337,2822 2238,2840 2130,2824 2128,2824 2126,2824 2082,2845 2036,2845 2020,2829 2020,2826 2017,2826 2015,2826 2013,2826 2011,2826 2008,2826 1990,2842 1962,2829 1960,2829 1845,2829 1843,2829 1550,2852 1537,2852 1532,2852 1463,2838 1461,2838 1336,2854 1334,2854 1332,2854 1279,2840 1277,2840 1274,2840 1272,2840 1244,2852 1247,2898 1247,2930 1369,2930 1369,2927 1371,2927 1373,2927 1375,2925 1394,2911 1479,2923 1507,2925 1509,2925 1511,2925 1520,2921 1555,2904 1700,2916 1762,2921 1764,2921 1767,2921 1769,2921 1776,2914 1790,2904 1939,2909 1946,2909 1948,2909 1951,2909 1978,2898 2089,2907 2197,2914 2199,2914 2254,2902 2291,2893 2310,2900 2328,2907 2330,2907 2333,2907 2402,2898 2452,2891 2508,2895 2664,2907 2666,2907 2669,2907 2712,2888 2712,2875 2705,2835 2480,2835 2434,2819 2420,2819"/>
        <Baseline points="1247,2898 2712,2875"/>
        <TextEquiv conf="0.9942144343727514">
          <Unicode>dieu dame dist ie ue Ie uoy en rõueme</Unicode>
        </TextEquiv>
      </TextLine>

      
      
      <TextLine id="eSc_line_ea03815c" custom="structure {type:default;}">
        <Coords points="2519,2879 2517,2879 2443,2895 2420,2879 2406,2881 2388,2881 2335,2893 2287,2881 2268,2884 2252,2884 2169,2902 2103,2886 2084,2886 2061,2886 2038,2886 2015,2886 1997,2886 1994,2886 1960,2902 1919,2891 1916,2891 1914,2891 1912,2891 1868,2907 1776,2891 1774,2891 1771,2891 1769,2891 1769,2893 1751,2911 1698,2893 1695,2893 1693,2893 1589,2895 1587,2895 1585,2895 1555,2918 1403,2918 1375,2907 1373,2907 1371,2907 1256,2923 1258,2964 1258,2996 1341,2983 1355,2994 1357,2994 1359,2994 1362,2996 1461,2996 1461,2994 1463,2994 1470,2989 1491,2980 1518,2989 1527,2992 1530,2992 1532,2992 1534,2992 1546,2987 1576,2978 1606,2985 1622,2989 1624,2989 1626,2989 1629,2989 1631,2989 1631,2987 1635,2985 1647,2973 1688,2983 1709,2987 1711,2987 1803,2980 1971,2964 2036,2971 2091,2978 2093,2978 2195,2966 2275,2957 2298,2964 2335,2973 2337,2973 2340,2973 2342,2973 2395,2960 2397,2960 2402,2960 2441,2971 2443,2971 2445,2971 2581,2953 2581,2934 2579,2895 2521,2879 2519,2879"/>
        <Baseline points="1258,2964 2581,2934"/>
        <TextEquiv conf="0.9469250745889617">
          <Unicode>ant quey sy quil et le testets deffronsie</Unicode>
        </TextEquiv>
      </TextLine>

      
      
      <TextLine id="eSc_line_ab503dd3" custom="structure {type:default;}">
        <Coords points="1194,3040 1194,3075 1329,3093 1332,3093 1334,3093 1373,3075 1394,3065 1555,3063 1615,3075 1665,3086 1668,3086 1670,3086 1700,3075 1737,3061 1854,3058 1886,3075 1898,3084 1900,3084 1902,3084 1905,3084 1907,3084 1937,3075 1978,3065 2162,3075 2275,3081 2277,3081 2358,3079 2360,3079 2363,3079 2367,3075 2388,3058 2462,3049 2547,3049 2579,3075 2581,3075 2583,3075 2586,3077 2733,3077 2733,3010 2726,2973 2489,2973 2487,2973 2374,2955 2372,2955 2369,2955 2319,2976 2317,2976 2271,2957 2268,2957 2116,2957 2114,2957 2112,2957 2109,2957 2077,2978 2052,2960 2050,2960 2047,2960 2045,2960 2043,2960 1981,2978 1921,2960 1919,2960 1916,2960 1914,2960 1912,2960 1884,2980 1879,2983 1854,2980 1760,2969 1757,2969 1755,2969 1753,2969 1734,2980 1728,2987 1672,2987 1663,2983 1633,2969 1631,2969 1629,2969 1626,2969 1624,2969 1606,2983 1601,2985 1596,2983 1557,2964 1555,2964 1553,2964 1550,2964 1516,2983 1504,2989 1405,2989 1398,2985 1380,2969 1378,2969 1375,2969 1373,2969 1191,2985 1194,3040"/>
        <Baseline points="1194,3040 1447,3024 2733,3010"/>
        <TextEquiv conf="0.9715022024783221">
          <Unicode>E aues leͬ sant en sault Pcrt le sale uaitre</Unicode>
        </TextEquiv>
      </TextLine>

      
    </TextRegion>
    

    
  </Page>
</PcGts>
