3104 4140
1359 570 1451 687 73
101 685 1263 791 dontau ary auchoine sen uint ⁊ lydõna
112 758 1318 846 e brach qui fu se meche ⁊ pais ly estria
119 811 1481 901 ela le bras elame quil mon corps ly trencha
103 864 1373 963 dont ly dois authomes le tuit et meunya
269 915 1638 1014 ⁊ mainlsr les dois moult forment regarda
96 970 1398 1083 ors dist au Rby henry saues ꝯment il un
687 1030 1587 1120 main ue uous mentirayia
131 1060 607 1159 hieux bras nec
204 1081 1410 1193 fu onques me fille que mon corps engeilra
766 1133 1541 1228 fille que uos corps espousa
133 1191 151 1260 e
170 1152 727 1251 che nest poutt i
108 1193 1203 1311 ihũs uous qmantͣle monde estora
108 1246 1461 1380 ar ia tant que Ie uiclie mon corpa ne fiuera
105 1317 1382 1430 arax tronne me fille ou tant de biaulte a
170 1375 1454 1481 n le adoit auoir mes tout aultrement ua
140 1426 1580 1531 reste main chy endroit me fille ains na porta
115 1478 1249 1584 duant ly soutes lon teurenem sou pia
124 1499 1543 1637 iar deuant ler deux rois sygrant dorul demena
119 1563 1509 1688 dur o ꝑo que lx oteure au corpi ne sirena
121 1619 1369 1743 fondoit tout eiplarmes sen uis en argusa
121 1681 1382 1800 ist ly Rois denchetrrre Nant contes quesse la
112 1727 1504 1853 uous ne neng nul doeul caron uous pardoura
117 1784 1417 1902 ont cheque fait en est ne uout dementes Ia
112 1876 464 1966 ⁊las che di
520 1839 1472 1929 ly contes con grant deleir chya
156 1881 1967 1994 ar ie an plus perdu q̃ ꝓuih de uoꝰ ni nabont doydẽnor cate
209 1929 1965 2058 pre gois̃ dengliterte dist ln contes arutis et le puie corpeqlo
170 1984 1279 2104 ioie deues mener ⁊ Ie doy falre crĩs
167 2023 1325 2171 ir pliuz dolant demy na en nesun pais
131 2070 1433 2226 lame nest pas morte de che soyel touẽfis
188 2189 559 2267 an doy uos
600 2152 1442 2247 fans Rẽ uoi li uous plenis
151 2214 1184 2313 uant auchome loy sy est auant salis
135 2260 1357 2378 conte de clochestre uabaisier droit au uis
124 2320 1274 2428 onchement la cola lyaaches pois heurir
128 2355 1477 2490 et dist quẽ de clechesta esse uoirquetudis
124 2431 1401 2541 nil chedist lĩ contes or entendes meldisz
121 2493 1302 2599 derite uous diray pardiende paradist
126 2541 1560 2640 douesluee uo moullar qui tant a le eler uis
138 2596 1507 2693 is adoir en un fu uoiant tous uoir marihis
117 2654 1161 2746 Marie me meclian une damede Pris
315 2709 1762 2817 maii ly trenchay an Iour de sen iuis seignou
131 2764 1364 2868 dour moastro moistrer lexampture a uous
1398 2780 1532 2881 rort̾is
190 2819 1336 2918 fameet uoi enfans en un batel ie miez
110 2872 1316 2992 ue min ly trenthay dent ie suy esmaris
211 2944 1325 3072 ceste mam loiay alun de uos deiyo filz
