3104 4140
1329 1000 2705 1099 Etue chou est me moullier ale clere fachon
1325 1069 2604 1168 Eusoment deisant descendent au pere
1327 1131 2864 1207 Qu grant palais de põme le tresuoble maison
1394 1193 2581 1276 enris ua demancdant tos lauitation
1329 1237 2450 1334 u ly fame mauoit qui a se garnson
1329 1299 2673 1389 pu Relief de le court le gape che diston
1364 1352 2572 1446 du ly molistra au doit sanns ouil arestisois
1449 1409 2717 1499 apostole de rõme ua heury enseignãt
1348 1520 2579 1609 Eeuant auchomnes loy Il y courut Quuant
1474 1467 2722 1554 ostel le belle elame qui sen aloit fuint
1366 1570 2961 1672 uous ler degres Regazpe mais uy ua Riens trouãt
1323 1685 2772 1780 Par dessons une ꝓre uit le lettre gissant
1573 1639 2657 1713 dge partont et deuere et deuant
1387 1743 2491 1823 pout le saisy et ya ens Regardan
1378 1793 2636 1879 latrouue useure quelle aloit deisant
1385 1846 2754 1938 Lon le baillast au Roy dei le terre le grant
1378 1913 2595 2000 dont uintaleury se luy dist en oiant
1320 1964 2632 2058 Gire uechy un uruẜ quan trouue la estat
1364 2076 2751 2164 lestre asreche a uous ie le uons̃ acreant
1774 2019 2919 2116 e pierbe moult me uois meruillant
1382 2132 2774 2219 et quant heuril lentout ly saus ly ua inuãt
1382 2189 2671 2267 ne scet que pouser se ua dieu trclaiant
1378 2242 2655 2329 out furent esbahy ly petit et ly grant
1385 2290 2791 2389 de ce quẽ un tel liru uout tellelectretrounãt
1398 2355 2462 2440 eu uenoit a heury le noble ꝯbatat
1394 2408 2685 2507 postole de come en mua son samblant
1463 2474 2694 2569 uont ly cois denglecerde ale lettre coisir
1403 2516 2577 2622 Eauesy uenoit rousz lisans ln freuns
1387 2573 2636 2695 et in bous a postolra haulte uois sescaie
1362 2645 2588 2746 Ouest dist Il aler ne le meceles me
1387 2700 2620 2815 le feme qui estoit chy endroit herbegie
1352 2753 2712 2881 Ne le scauons nocoent che luy dist se maune
1352 2822 2756 2937 Qr le queres grufmẽt dist Il Ie uous enprie
1371 2872 2770 3001 Lar scachies quelle mot encouuẽt lautre sier
1362 2930 2722 3063 Quelle uenroit lassiut en ma salle uantie
1373 2980 2673 3123 parler au roy henry a le chiere hardier
1352 3042 2756 3185 Et au uon ray authome qui tant dt signourie
1380 3109 2834 3233 a dont sen uout trachant ꝯcre ual le canchu
1371 3173 2880 3300 Mais Il nont de le Same nlle npunelleoye
1371 3240 2662 3371 Et ly frans aprosto les̃ qui Ihũs uonar
