3104 4140
1316 653 2650 768 Gaielres et faites et parlantz duui. uois
1329 722 2758 837 Eue uous maurs mande de uo uouclr po fouz
1343 784 2696 896 Our se nardoie elame et aube ai. ses hons
1357 846 2797 965 due uoul me penderies ꝯ me leres malois
1327 915 2818 1023 Par me foy dist leury dont aue taise tous coisz
1332 982 2669 1078 Car se uoul auerel da couplir ceste uois
1320 1053 2678 1150 Gr lame le rome amoie mieux sent fois
1318 1110 2910 1228 N. uous ei pardouraige ses maux et selangis
1612 1179 2887 1271 coute de clochestre dist lu Rois au cuerfin
1327 1246 2827 1340 Bardes que ue fales amoustreb clie cõbus
1323 1311 2712 1403 Car ie uoui peu deray cõme laron mastui
1306 1375 2947 1474 Sires cle dist ly contes bien me plaist ceste fufi
1323 1442 2848 1547 Gar Ie uous mousteriy escrit en parcligun
1339 1527 2862 1632 Que uous maues muande .xx fois tant dis
2781 1506 2892 1600 cuni
1375 1596 2811 1713 fue uostre gẽtildame ie ncesisse d adeclimn
1401 1667 2726 1784 ⁊uos enfans oussy qui estoient de hault lui
1332 1731 2639 1849 Dont uroihent chãulx ly gentil palatin
1334 1800 2735 1908 le uielle fu dolante se tuit le teste enclin
1329 1865 2724 1971 Con ne Abendoit le coute qui ot cuer enteris
1290 1927 2639 2033 Mes emlliois se uera arse les un gardin
1341 1998 2814 2095 Ay rois entra en loidret un mardn au matin
1306 2065 2804 2168 adont sen est moutes au Palais maiberm
1339 2194 2975 2332 En est montes ly roilou not que courouhier
1433 2136 3014 2244 Ens ou palais alondres que fu prs pams aore
1327 2270 2816 2380 Car la ly recõmenchele doel a penforchier
1304 2336 2963 2454 Mour cae que et ny Rouua se tourtoise moullier
1329 2415 2811 2495 Etrez ou palais auoit maint noble cheualie
1316 2472 2993 2573 Qui ppour elame pleureie et fout un doel plonẽ
1387 2534 2954 2647 Et ly queues de clochiestre ne se uault atargier
1304 2610 3011 2709 Tant fit que uenu sont ly yo eheualiets iueso
1408 2674 2712 2783 ⁊ afait acascun ir sien escript uaillier
1341 2746 2643 2849 ausy qul laporterent les fist aporilier
1442 2817 2885 2911 faiel y estoient tout sain et tout entier lissir
1426 2872 2848 2966 eury les monstra pour eEt d dangier
1366 2941 2919 3056 lyadit frans rois entendes men pl̃aidier
2321 3417 2406 3489 34
