3104 4140
1677 588 1985 678 loy aoree
1382 710 2616 827 seue diexin a ordeue pour no saluasion
1893 662 2643 770 u par ferme entension
1355 754 2765 899 Par me loydist ecbastre uechy pourre rupn
1366 816 2986 979 Auent plus Ie ne le rise que labandun quiẽthon
1364 876 2609 984 De me dy uerite par le nendieu ilan
1343 929 2664 1048 Cõbien aues de gensen uostre estallison
1350 988 2510 1094 Que pl nulle trouuer en y poenton
1369 1044 2724 1170 Iui qdenuent. porter armes espee et blason
1350 1099 2793 1237 Par mon dieu dist sy Rois cõclouue baraton
1348 1156 2583 1276 Olfant et ment plus arinir en feraon
1346 1219 2554 1320 Et les feray issir a forche et abandon
1350 1274 2811 1384 Or uerray leplus fort ue se no dieuy mahon
1343 1334 2650 1446 poca le uostre dieu ainters a execusion
1343 1398 2473 1483 Owes au ron heury qui cuer a de lioi
1341 1449 2758 1563 ur Ie ly manch batalle et Iouruerparnon
1325 1506 2749 1609 Meut plus naray de gent quil ara ensõnõ
1309 1568 2577 1669 Gire dist amoris moult pieuly dira on
1362 1626 2867 1741 e⁊ oyer de robastre le roy de grant regnoi
1385 1683 2724 1789 hͨ paiens apris de le Ieste mahon ebian
1371 1743 2772 1846 Ales che dist Robastre pranc uaillant campion
2938 1727 2961 1805 a
1336 1791 2699 1904 Louuores che messaige Iusqua sen pauillon
1346 1851 1382 1982 D
1493 1853 2540 1950 chl out respondu a uo cõmandison
1470 1904 2701 2019 dbastre fu iourtois et plains de bon ains
1470 1964 2689 2081 Piuis crustil ihũ crist le Roy de Paradis
1348 1989 1421 2070 El
1465 2010 2604 2125 est lassus es chieux oles angles saintus
1334 2065 2678 2189 Fhest sains constaucion che nous dist ly esiris
1325 2129 2712 2240 Crestaut droit a bretuel con dist ebiauuisis
1325 2180 2669 2290 Il lent trennon le corps du chief saint benaia
1313 2237 2643 2359 Couuoier fist ly rois de ses nobles subgis
1320 2297 2475 2392 y Riche uer destoche qui ot non ameris
1306 2350 2464 2438 Ain Iarasis sest de boursiaux partis
1313 2405 2671 2502 Pr escontes seigaeure des g lontous malais
1304 2456 2604 2571 lassir de uourdiaux leur uint Il en adiuis
1373 2520 2593 2617 ue se ly messagier estoit paryaux ochis
1334 2566 2519 2679 Que leur sires dy pois en seroit Rissons
1295 2622 2425 2718 lle mort lescrierent adont fu assalis
1295 2679 2547 2780 sy geudieux cheualurqua tant fu agensis
1270 2741 2643 2833 Trantost a trait lespee dont lachier fust bruius
1329 2796 2537 2888 ne fiert sarasuy ne fust mors ou fems
1352 2847 1385 2925 U
1484 2847 2393 2953 resbien se deffent ly clla eslis
1277 2898 2503 3035 ꝑue xx deu sarasind ya mors et ochis
