3104 4140
1580 609 1629 722 13
218 765 1948 867 Et dist ases sigans biaux soigneuz ie uous prie
195 830 1649 913 Me enesadaer menes en me cambre iolie
223 878 1564 963 la eutroir lont mene teetoute ly maune
59 931 1550 1016 ruche Pus une Icambre lont pose cpar reuerie
292 977 1705 1074 uant I fu undornis ie il are satarga nuie
317 1035 1573 1129 Rome briefment ⁊ fest de la aprechie
271 1076 299 1136 a
236 1094 1401 1205 le caregno᷑ emury saf le lectre saquie
234 1147 1566 1269 Et quant elle lertient briesment la desploie
236 1209 1665 1324 le teueur en peurlist pout ne byagrea mie
230 1267 1555 1377 edens une aultre cambre a se uoie cuellie
331 1331 1516 1435 capelam manda que ne saresta mie
209 1384 1725 1492 Et le prestre ꝑ uint quy poinit ne sydetere
319 1439 1672 1534 agueeite le fause le mere au roy henry
266 1494 1502 1591 mandi son capelain con apela thery
257 1557 1576 1651 t ly prests y uint sans fare nul detry
213 1616 1569 1708 ꝑtreutre et parquenun le uielle ex offry
195 1669 1599 1764 Ome che dist ly prestres or me dites anssy
216 1734 1813 1833 Rue uoles uous che faire car me urchy garins
216 1796 1438 1892 Estrisies dist la dame Ie conte seignoury
202 1856 1486 1948 De clochestre le grant et ly baron ousy
211 1915 1778 2010 ui sont en engleterre uous mandent sans mil sy
193 1973 1785 2072 Et Iou ua fame elanie uous scaclurs de parmy
197 2051 1695 2136 Pur ly dieux souuerains uous a forucent han
216 2097 1978 2212 Par scachuls que il sont ꝑ lors de mõs corps nasquis
246 2166 1562 2265 oux sigures poirtaites a le loy danemy
234 2224 1691 2320 hersont uestes hidenses ausy que chien poury
365 2290 1495 2380 pout ent uie dont toutr sont esbahy
255 2346 1569 2465 y baron dengleterbe sy ont iugart suriny
248 2419 1624 2520 eue uolentiers aroit mon corps ars et bruy
257 2458 1787 2576 our ceste grant hideur que Ie uous mande chy
253 2534 1668 2638 uant ly baonis capelains lu parole entendy
246 2576 1866 2709 ont ly santz ly fror fourmie et de pauours uongy
209 2647 1698 2753 not ne cuer ne poissanche que estrisist a iusy
181 2737 260 2829 I
285 2707 1638 2826 se mit trestout trois sent lecuer marir
248 2778 1691 2902 y dame Ry demande laaux fieux quesse chy
186 2870 1767 2969 Pour quoy nestrisirs uous ue maures pout ay
179 2946 1921 3079 En ay se dist qt ly prestre pardieu qui ne menty
