3104 4140
1267 965 2434 1071 Que le mien corps trespassera
1267 1028 2075 1108 De s iuira grant fusion y
1352 1083 2420 1168 in ueullent le muyncorps auoir
1392 1143 2420 1225 me cindem enpoire ardoirt
1265 1152 1283 1260 d
1339 1196 2413 1290 dour chou que ian cachoe porti
1348 1258 2349 1343 t que ie sun merqene apelre
1265 1306 2257 1407 Iame dieux ie uoui eppry
1277 1366 2008 1453 baies uostre tuer esbe
1293 1416 2128 1501 ui uous naront ia corste
1396 1474 2284 1550 faulz imiẽ oultre mon gre
1371 1522 2298 1598 dist le uiergme encor tepry
1327 1575 2036 1642 in fu aire plteuuz
1306 1614 2323 1704 euant Ie de uerem perdie ue
1295 1674 2084 1757 due pou aie lẽ cõpaignie
1272 1711 1295 1791 I
1392 1727 2093 1810 apost les que tout seruy
1251 1773 2190 1862 Dame dist dieixs et ie lotry
1281 1828 2202 1913 dont ln fieux sainte maru
1329 1881 2202 1961 u siez toul gl seggnoirir
1323 1929 2167 2017 srãment ochiel remonta
1274 1987 2305 2067 se douche uierpne a moura
1355 2044 2202 2118 ra ment manda sa ligan
1306 2090 2409 2182 ar moult estoit de grant lignie
1316 2145 2156 2226 ⁊ Il y uiurent a. Gon gri
1237 2196 2206 2293 Cpy tost que frrent assainblen
1258 2267 2008 2336 Iim̃ par la et dist ensi
1242 2311 1994 2380 uin amy enteuder amy
1231 2357 2188 2442 Erineur et damese ueler
1235 2417 2606 2511 cauon pour quen uout̾ay chy mãdes
1237 2472 2068 2548 Nuelement le uous qa
1249 2523 2229 2617 Dedens in ioinrs Nespasset ray
1507 2587 2227 2670 siecle me ueul partir
1304 2638 2294 2716 noir ne uous ueullies essahir
1306 2697 2116 2778 ne ruy mara Ia poissant
1293 2739 1334 2810 U
1350 2748 2335 2822 moy frure nule greuanche
1341 2794 2135 2881 ma̾ auuy ne cenccbbrier
1251 2845 2356 2932 Uerẽ moy nesporout aprochur
1352 2918 2192 2987 ia man leur cõpaigne
1240 2930 1352 3063 Alcs
1440 2957 2319 3040 Iour Ie ne me dotibtenne
1426 3010 2328 3093 su &e ma qurount men pere
1369 3061 2386 3144 Aqui ie sum et fille etmere
1198 3167 2464 3293 men chpier fil qui ne me het mie
1504 3118 2289 3199 ay bien de qoy merchie
