3104 4140
1196 791 2604 894 Dont ualy cardinauhs sur le chal monter
1205 869 2738 975 sans nuil autre resꝓoisi se uault du roy seurer
1198 931 2445 1021 sluent se ꝯpaine se prent achemmer
1187 991 2480 1064 Dolans et courechies not en luy quayrer
1316 1046 2581 1133 pssent ly cardinaulx sa se uoir aprestee
1208 1104 2579 1191 ors de constantio ble issy celle iournee
1191 1156 2574 1248 Do lans et coureilsies ne pouut ne ly agree
1221 1223 2473 1317 ueche que Rõme fu eusement apressee
1189 1283 2650 1377 Tant cheuanche uers ly cuy arme soit sauuee
1173 1350 2705 1437 Mar montangies par bos et par mainte ualre
1184 1409 2583 1506 Que de rõme ꝑchut le grant chite fermir
1182 1469 2390 1566 Et lost des sarasinis dont su amroure
1184 1517 2457 1637 Tant a ly cardinaulx se besorgne haster
1191 1584 2549 1697 Que coiement par mut a lost des turez passee
1203 1653 2609 1754 Il est en rõme entres coirment a recholoe cellee
1191 1722 2508 1814 lendemain au matun droit a prime sounee
1198 1777 2514 1876 Est montes ou palais ⁊ la fist la samblee
1187 1844 2434 1941 du gentu apostole que tant ot reud̃mee
1203 1920 1254 2010 E
1313 1897 2372 2000 de ront le llerdaet de le chite loee
1184 1959 2514 2063 Tout uout en comlitore aelle gent honeree
1173 2017 2383 2122 Pour oir le nouuelle con auoit aportee
1194 2081 2554 2191 L gentirix carduaulx ale raison moustree
1219 2148 2307 2265 Et dist a la postole or oies me pensee
1233 2208 2636 2327 euieng du ꝑ roy authoine a le brache qree
1256 2277 2772 2401 uous mande par quoy noy cest uerite prouure
1191 2343 2409 2467 Due par luy nesera ia uo chire sauuee
1187 2408 2478 2530 Ile ne fera uous aidrea au fer ne alespee
1184 2474 2379 2599 De luy ne dese gent ne sera confortee
1187 2536 2632 2663 Quant ly papes lentent sa le coulour mure
1194 2596 2512 2727 Se dist aucrdinal iay le chiere effriee
1189 2661 2646 2780 De che qui uous manes telle Raison contee
1184 2718 2646 2840 onques ne uy authome en mauuaise qensee
1189 2789 2595 2914 Quil ne fu destrans car par luy sust gidee
1194 2872 2280 2969 sainte retente secourue et uensee
1180 2923 2399 3029 la file de monfrert ot iadis esponsee
1187 2971 2434 3091 Sen a une fille que elame est llainei
1178 3029 2574 3137 Le pluiz belle qui soit iuques en galiler
1180 3098 2427 3210 Et dist ly cardinaulx illa sy en amee
