3104 4140
1537 906 2876 1007 Rit fu le messagier de le gent au gaiant
1421 979 2931 1060 Sen nes ly but cope .i. oel ly uout creuant
1497 1028 2986 1110 bras ly ont treuchut dont Il uet doail grant
1387 1069 2786 1159 Ee le do leur qui seut ua ihũs Reclamant
1426 1124 2701 1196 et ly ꝯduans le dist or enteu eu estre aut
1394 1177 2643 1242 batent a ten seigueur con apele murans
1380 1221 2846 1311 Et ly dy que Respyt du dieu quil uacrermt
1451 1274 2931 1363 t du Roy dengliegelez ⁊ Cauthoine le grant
1375 1334 2685 1426 qui de ꝯstantitoble ua le pais denant
1380 1391 2795 1490 Et de tous les crestiens et de luy ensant
1366 1453 2556 1538 Cay ensy ordeues⁊ de ly en auant
1440 1501 2671 1596 ue se teuir le pais ie len feray au tant
1369 1561 2646 1653 Id mar acr poiet mahon et ternagant
1428 1623 2758 1715 e ne le doubte mie le monte srnpesant
1401 1674 2830 1789 bien me saraꝵ garader encõtre fen berbant
1378 1736 2952 1837 pont sen ⁊ot ly mefsaiges durement laũtas
1366 1796 2784 1899 De laugorisse quil sent se ua souuẽt pafmat
1493 1851 2768 1950 ly felon chaint ua le ꝯent apelant
1394 1906 2682 2017 on furent .iiii Maiens con mosereans
1426 1957 2933 2067 eiguerer dist ln gaiant soies moy escoutant
1415 2017 2738 2132 kgner uous uoꝰ i et pui le Remanant
1419 2072 2869 2180 arderont le castul ⁊ noꝰ prous ⟦effant⟧ yssant
1419 2141 2689 2244 da⁊ le bonne dessope qua noꝰ ara menant
1343 2159 1378 2231 4
1451 2198 2572 2304 es pres de leu laoun Il sont lo gant
1426 2263 2733 2369 n treux quo messa dier firont ensõmant
1415 2346 1477 2408 1e
1488 2309 2894 2428 se couront qa hdro de noꝰ ie uous creant
1352 2396 2717 2497 Nourz enterons en los du touta no ꝯmiant
1509 2461 2779 2546 les estourmuirons ⁊ deriere et deuant
1343 2461 1375 2534 ¶
1428 2511 2804 2599 ne tout esbaheront q petit et sy goint
2906 2520 2931 2576 ‸
1527 2555 3009 2658 uou trouues uildaile ne le laissiea noiant
1426 2619 2880 2718 obren quales en ayent dy petit et ly grant
1511 2684 2965 2778 los que nous ⟦u⟧⟧ uerons qui sirantadone
1438 2743 2848 2861 enterous en no chiterne noꝰ serour acharant
1477 2812 2853 2918 sement issouli hore noꝰ in en un tenant
1385 2863 2772 2964 a mrout seutement guuil heure dormant
1387 2911 2860 3017 ieserout de mourez chy aual uant ne quant
1408 2966 2869 3081 re seut sy hõmez uous alea bien parbat
1362 3019 1612 3098 Dont E
1691 3038 2931 3137 uir oube que ny uont de laiant
1346 3081 2772 3190 Eu le boiie entrerent auenques le gayant
1311 3139 3028 3295 Geigneut en celle uoune dont ie uoirs uoy par lai
