3104 4140
1270 763 2581 873 Et quant dele rome ale mort escoutee
1265 809 2655 940 pout ne desist un mot pour dor une caree
1256 910 1670 1002 uainte larme
1737 864 2634 961 y est des yeros a ual coulee
1258 956 1797 1058 Quant ly coutes
1803 924 2669 1011 le uit sa la coulour muee
1313 984 2526 1099 et le dame elame est quene pasiee
1277 1046 2505 1156 Et quant se releua sy est hault escriee
1281 1081 2673 1225 ly pois de bõnaire brons de grant renõmnee
1249 1143 2887 1292 Sarazin uous ont mort deuant rõmein le prinee
1270 1189 2846 1352 ittes moy fide syre clers iõment le gent deruee
1258 1244 2685 1412 dur ochis monseigneur a le brache quaree
1288 1357 1919 1460 de uous ne le lisres
1953 1324 2613 1428 e suis morte et finee
1263 1375 2701 1524 Dame che dist ly clers parle uiertu nõmer
1277 1453 2648 1589 e uauroie moult l bien auoir lame seuirer
1509 1508 2473 1642 lettre chy ne fustains deisee
1265 1573 2595 1713 De cheluy qui le fist estes nooult pau amer
1263 1630 2600 1789 Car uostre mert y est escripte ⁊ pour parlee
1440 1688 2763 1833 ame che dist ly clers oyel meu mentension
1438 1759 2843 1895 ne n stachies mangre pour diru uoꝰ inprions
1272 1835 2455 1957 De de le lettre dis le certaine Auson
1265 1876 2694 2021 Nam̃ clir distla dame par diru et par sin non
1270 1948 2653 2090 Dame che dist ly cleres oyes que nous dironq̃
1313 2012 2689 2157 bon ł poy de dengletedor que hniry a anon
1274 2074 2549 2219 mande au quẽ de clociestre le noble baron
1290 2129 2616 2286 Com lientenant du ron de fe maistre maison
1290 2205 2634 2346 Our apierdre se terre ⁊ souneir et son non
1288 2272 2547 2408 due cer lettres ueurs sans nuil arestison
1313 2348 2416 2470 fache sasir elaine ale clere fachon
1293 2378 2726 2534 Et au deux ses enfans qui sont bel enfan chon
1306 2449 2547 2605 Et se lesfactess mettre en uirfeu de caruon
1304 2520 2498 2668 duant elame le belle oz celle occoisdi
1320 2587 2468 2741 elle quey pasmee pardeles un le son
1297 2656 2602 2799 res relene len ont iy priuche et sy haron
1300 2734 2420 2863 Et le billi roine sestrie a hauit ton
1293 2764 2788 2941 Se biaux dieux quange fuit au bon roy men baron
1304 2829 2671 2996 a me print par auours par urait qutension
1313 2888 2735 3058 Et puis ueult con messille a tort et sans raison
1293 2969 2595 3146 fa pliure teurement se mait a sen menton
