3104 4140
285 929 1458 1041 on guer en qura apolin et ana hou
117 988 1665 1097 duunchors se leroit pendre aguise de laron
149 1051 1474 1145 eue Ia se uabtisas Iar nule condision
133 1104 1557 1212 sien dffendy le uille asorche ⁊ a uandon
96 1166 1594 1262 Fant y fureit ꝑo gent gua le chite priston
177 1216 1546 1308 D lya assondaiis̃ daske aus a upecustor
455 1260 1412 1354 conuerty de ses deus aflson
1171 1308 1323 1380 Sor
126 1320 837 1414 roiez amoris fu sires d
121 1347 1401 1460 nres o coy lieury qrit a doutdenouois
319 1400 1382 1501 passer le meraurf et adromoi
149 1451 1350 1568 e uon coy de surie apelle a hault ton
163 1515 1357 1614 tre Rois de uõnaire oyes mentenaigr̾
163 1559 1746 1674 dons estes Rois crestiene ⁊ pour tel uous tient an
170 1632 1463 1706 pour pry et requier sil uous unnt a uon
158 1683 1463 1766 ardes bien che pais ⁊ le gerre enuiront
161 1727 1527 1819 az Raler me coumont en men noble roion
149 1770 1465 1853 Noyet le roy authoine qui cuer a de lion
195 1819 1497 1920 res che dist ly fois ne penses tel Raison
177 1874 1394 1961 antost que le saront paien et eschanon
230 1931 1493 2005 gier meuerout a forche et aebaudon
177 1968 1589 2063 loul conquerre mesques ouon croit en mahon
303 2030 1507 2109 R conquerrons ar dieu uous enprion
220 2060 1677 2164 ⁊ ut n chargel Roiaux qui sont deuant mahon
190 2122 1596 2221 sy sust assentis e Rois et sy baron ⁊ uit̾
158 2171 1495 2263 pulint un messaiges ou temsple salemon
234 2231 1366 2297 ron heury orenca cen disant Corison
165 2260 1451 2355 dont deuant le Roy se mist agenroullon
280 2300 1629 2401 dest cipeus dame die li ꝯtu souffen cassion
163 2364 1272 2444 et qui ⁊sussila a mort saint lazaroi
246 2403 1491 2490 ponẽ sauit et garisse siretouz d Renon
223 2465 1440 2543 uous ma enuoit que uous celeroit an
232 2516 1454 2594 bous papercoiaup qui climensaanon
200 2566 1511 2645 uous mai parrouoy que sans arestison
177 2615 1537 2700 zons en ales a rõme a forchi e cabandon
209 2665 1424 2748 a uii coy sarazni que qurtaupa amon
179 2707 1488 2806 ui est sores de castres le noble Region
209 2780 1410 2856 hueux sy a manoe par en paien Relon
181 2817 1343 2904 Quassegier le ueura a celle assensiyr
193 2858 1546 2953 r uoue mande in papes Par supolicacien
200 2916 1502 2996 ue uous le setourds sans mil arestison
250 2969 1672 3052 ure distle messaigre ueullies moy escouter
230 2999 1774 3139 sappostole uoul mande que uouci passes lemer
423 3100 1649 3185 ales a romele uostre effert mener
200 3132 1518 3229 ssalit lant de guerre salazin Et escle
174 3178 1815 3316 y roi qurcaux de cascle ueuit noloy decliner
