3104 4140
115 949 1389 1055 pna sergans de le uille uoy ne scay quiẽt
112 1000 1635 1113 iauoit plus mal glontoy gte iusquit labre qui fent
126 1067 1369 1156 l not onques bion fait ne ouuret loiaulmẽt
161 1120 1208 1207 uant de lanroue oy faire Racõtennt
138 1159 1654 1267 Roit a laule esclayant iuifent sen uint ismellemẽt
119 1228 1359 1317 ausquier a le maison ou moult auoit de geli
149 1281 1394 1373 y sergana est uonu cout droit ale mup̃n
135 1334 1277 1416 Et a uusquiet aluuir un sy grant horioi
156 1384 1401 1481 ne ly quiel est uerses Rõpu furent ly goi
195 1449 1072 1531 le euubre ou gens auoit saison
1332 1419 1516 1515 eutres
209 1478 1210 1589 uoi quil ot clere sescru a hault con
124 1536 1343 1632 lulies moy celle dame sans nul arestison
151 1591 1527 1695 y man Sen de gloire uoui esteit cous brichon
163 1662 1242 1743 tuduisputam plamne de mal Renon
117 1708 1141 1796 uous le uoles celer aleury le baron
276 1745 1447 1856 he que Il demande punquille a mõgnon
165 1812 1592 1908 ent luiree en aray demain en me prochoꝑchon
115 1865 1161 1959 iuue dist lotesse a baissire uo sermon
131 1927 1564 2007 lar uous ne lairer mue par dieu et par sen non
170 1987 1516 2063 uant solaux ert leues qui que potau qui non
158 2021 1224 2111 merous all court sans nul arestison
117 2081 1320 2175 dont saisy chreux locesse ⁊apriez uni baston
131 2129 1159 2217 den len ala ferlr de seure le mentou
135 2187 1320 2281 eu en abat le sant ꝯrie ual ee maison
133 2240 1442 2352 et guus saisy elame ale clore sachon enum
144 2297 1196 2392 or les chemuy le prelile mantion
144 2346 1249 2435 lame crie en hant mere dieu li baron
131 2405 1557 2486 ne lairce uoua meruer poist dieuet pant sennon
158 2461 1304 2539 tesse fu doleute en ly not se doel noi
154 2504 1428 2587 ar elle estoit uiechie ne ly unt mie abon
167 2555 1277 2642 t sesoit moult dolente en se cordisun
151 2610 1364 2709 on tramoit elamne contre ual le maifon
163 2672 1309 2769 Le print un coutel ⁊ en uint a glonton
156 2723 1398 2831 ar driere ly uin que ne ditan ne non
142 2778 1180 2877 u contel le fery un sy grant horion
154 2822 1270 2932 ii ly afan passer et cate et hoqueton
149 2875 1272 2989 et se le poufendy le sie et le Rõmon
140 2944 1410 3056 nois est quens a terre qui ne dist au nenon
161 3052 398 3139 ailaa
754 3022 791 3075 C
842 3019 1180 3100 dant brorcon
273 3111 1364 3199 es mors ly serganz a le tirle uirses
786 3056 1822 3183 et ꝑ onio ꝑ lollel ⁊ grat noist et grar soy
255 3162 1304 3279 Uauesse sen fuit ⁊ ly cus sest leuer
