3104 4140
177 729 1472 844 Deuant tous les barons elle les dosima
234 804 1714 931 et puis lun apries lautre donchoment baisa
202 880 1672 984 la ny ot sy dur cuer qui a dout ne ploura
200 956 1693 1060 y contes de E elo chestre de grant seus samsa
193 1028 1612 1124 Car les deux mesagurs amectre ꝯmanda
179 1092 1493 1182 Dedens une prison et on les y meua
213 1154 1550 1253 y messagier du pape quil ot enuoiet la
195 1230 1615 1311 Iu dure ment dolaus que on len prisõna
218 1288 1658 1384 Er ly tiers mesagar ens ou palais entra
207 1359 1523 1449 e cargnon aporte cascuns le Regarda
324 1414 1622 1520 dist ly uns alautre ihũs nous aydera
418 1478 1585 1570 st ens ou palais ly mesagesz uenus
285 1529 1428 1635 o conte saresta ⁊ in fist biaux salus
184 1589 1438 1688 Ie letere ly moustra que nest arestus
163 1655 1277 1750 Dien y fu ly saiaux de aane cõmis
186 1718 1638 1814 Ay coutrs de clochestre ny est paus agendus
193 1787 1541 1876 Ie saiel de brisa ly feans contel men brus
188 1851 1870 1957 Il meismes ses corps atous les mes mos poirlus
174 1918 1661 2010 De plourer ne se fust ly frans contes tenus
144 1975 1530 2076 de dist ale rome uous ny uuuris plus
319 2044 1504 2139 ostre Iucemrent en a clie cop uenus
172 2104 1592 2208 Par ly bous Reis heuris que nest mie uedus
163 2157 1702 2272 Me mande que seray par le geulle pendus
142 2224 1527 2346 Se cantost que y ray yclies escreps uens
165 2313 1723 2394 Ue fay ardoir uo corps et uos enfantz tous misz
147 2371 1578 2463 Elas che dist clame urais ptres d lassus
144 2438 1661 2527 Ene demande ly rois les fieux que Ay eux
188 2502 1746 2594 Il nout mort de feruy par dieu qui maint lassus
165 2564 1601 2663 ors les baise ⁊ acole ses puings a debatus
140 2628 1629 2734 Our les enfans se pasmest adierre quey Ius
147 2702 1357 2801 Marie de clochestre ly adit leues sus
147 2771 1615 2863 Car se uous xmores ie ne uiueray plus
319 2826 1396 2921 re clie dist qui tant ot de boute
126 2884 1686 2980 Sqe prie a uo ent corps et a tout le barnel
163 2955 1732 3035 Cõme fanche morir puis qua diru uint a gie
144 2996 1734 3127 Ne scay con uous aroit fins lonc plait deuise
