3104 4140
1311 827 2747 903 Du uon cape uaillant qui ceiment otanon
1373 740 2772 834 u prise be bataille a rõme enpres noiron
1309 929 2620 1039 Coutre ler poy butor quiait malaichon
1371 869 2793 979 et du roy dengleterre qui tant ot de regnon
1447 1009 2802 1108 le chite de rõme fait grant a fliction
1316 1078 2800 1166 Bouroises et bourgois sioient a hault ton
1297 1147 2837 1260 Anaux sire dieu uictere contre le chout noron
1295 1212 2692 1345 Eu assegiet nous sy Rreslongne saison
1320 1311 2860 1416 Drais dieu deliures nous de le geste malon
1318 1389 2650 1497 Ensy celle niutie asserent a bandon
1304 1472 2871 1570 Et lendemain matin lers que le iour uiston
1300 1543 2945 1646 conuerent parmy ar̃me chil grant cor de uoatõ
1295 1612 2993 1738 Chil cheualier uestoient ches haubers frenui lon
1410 1711 2809 1821 ⁊ desus chies canchiel estoient chal pignon
1306 1791 2903 1913 Tanbours et cornenuises ꝓreroient grãt son
1325 1876 2809 1996 Iy pois lremis sarina sans nule arostison
1306 1959 2722 2083 Et ln uous apostoles sestarines abandon
1302 2049 2574 2162 I auoit uien cent ans a icelle saison
1309 2132 2521 2228 Mes encor auoit‸ͤ coer et opignion
1311 2203 2705 2306 Oe destruire paiens chest se deuosion
1293 2279 2862 2394 Deigneur aclie camps longue ment uiuoit on
1306 2364 2926 2486 Nles natirre ameurist tous les iours le uoitoy
1578 2451 2784 2557 su uii ueeuredy de le crois aourant
1281 2594 2880 2704 Carmerent hi baron qui en dier sont lerant
1560 2513 2947 2638 ne pariny le chite con ua rõme clamant
1352 2665 2763 2780 y rois heuris a fait souner un alifant
1329 2746 2853 2861 Iapostole de põme estoit sur lauferant
1297 2824 2797 2948 Riche ment fu armes dun rche iazerant
1313 2888 2837 3031 Cardinal et legal uont le pape saiuant
1325 2978 2841 3123 A le porre de Rõme ua ly bons arrestans
