3104 4140
1373 717 2604 823 Etnsy dist ly Roure que de paour Nesne
1396 772 2482 867 Per le pais en ua dolante et prascui
1403 832 2705 924 Il y courit Rouũ coe que boit et mengne
1378 876 2726 982 Ensy cõme teuande descanche et mai uestue
1348 929 2745 1028 Souuent Reclant dieu qui fist et chuel et mie
1424 984 2807 1083 et pleire geuremont ⁊ poir ses maiyo sargne
1408 1030 2634 1129 En disant de sire dient que suisedenenm
1359 1090 2475 1163 Car Ie solou auoir mainte gobe tissur
1366 1150 2441 1216 souront d sin or et puche uestur
1410 1186 2818 1258 de suy par grant mescanche cellement esqueue
1378 1244 2800 1315 Pue cruand et mescans suy ou monde uemue
1426 1278 2708 1384 posdoulx ihũcrist ueullez men fairrayent
1486 1340 2657 1426 lamne ly rome qui teureouent plouroit
1408 1396 2890 1485 lauoir quauos soloit moult soruent regretoit
1405 1492 2853 1591 et du bon aoy herry moult forment se doubtoit
1454 1442 2643 1527 pour ser deux enfans souuent ly auoion
1405 1540 2611 1632 ui ne le fache quezre tant que proise seron
1405 1586 2843 1683 lal le douche clame sachtes point nestauoit
1456 1644 2508 1724 grande traison que fait ou ly auoit
1364 1697 2922 1791 De le mauuaise uelle que en fu egotrarse estoit
1396 1750 2572 1823 elle seinst de uray cõment ly cose a lon
1332 1800 2685 1892 Tanitost sen fust alee eu engleterberduoit
1343 1849 2733 1941 Duo ble my heury que partout le que loit
1387 1920 2653 1996 uens le Roy autioine qui elamne engeuroit
1334 1966 2510 2049 Tant a la le ront et sy bien sesploitoit
1408 2017 2917 2118 uille uut droit atoirs de deus le uilleentroit
1387 2072 2432 2134 un ostelsen uint ou lostesse ⁊romoit
1398 2118 2572 2189 lame le rome moult hault le saluoit
1362 2162 2797 2242 Et ly adit madaint Ihũs que tout pournoi
1318 2214 2867 2300 Pous doinst poir et houeier diter moy par uo foit
1445 2258 2422 2355 rauhe herbegie auunt chy endeoit
1348 2316 2632 2415 Ii uildist ly otõsse mon corps ne uour poroit
1352 2375 2556 2463 herbegier nulement trop serul adesteoit
1320 2417 2894 2539 Car my lit sont tout pris foyque doysait eloit
1495 2486 2606 2569 me dist lotesse a ler uous couuenda
1470 2541 2862 2635 Ailleurl pour hecbegur car mes ui bit na
1300 2582 2554 2674 . soient en pecaiet sy cos que nunt sera
1320 2651 2673 2727 Be lis de he r uegans̃ plains & truans ya
1306 2695 2857 2787 dame che dist elame moult birn mon corps grra
1288 2750 2738 2840 Gur un potit destrain crir delitue uoeul i
1359 2803 2816 2900 e Iay au uespre estrain mon lorpã sen pasera
1318 2861 2724 2950 Bien le deseruiray pardien qui me forma
1316 2927 2639 2987 Aquoy dist b otessi uo corlsz cune main na
1325 2969 2593 3047 uoue estes affolel pau dende en uousa
1334 3012 2765 3123 ꝑ hy nares point dostel ales ent par decha
