3104 4140
1336 883 2825 988 Ie nescay de quel mal que sy mol la douba
1332 956 2860 1037 Etur urufment fust urina quant ly qrapes uint la
1332 1007 2643 1078 Cau de gous ses preqmes lastõt et deliura
1339 1058 2466 1133 Il fist benaghon adont ly. maux saua
1401 1106 2517 1191 luy me departy or suy uenuecha
1371 1154 2890 1244 Suaut Ie uous ay croune Ie ne uoul famayia
1226 1207 2464 1304 Car sy uoue Rois coustans medit et de
1410 1239 2719 1357 euous toute le cose ensement quelle ala
1378 1320 2839 1405 õment le men au roy uostre corps encanta
1339 1373 2814 1465 dame dist elame pour diei nen parles ia
1431 1423 2846 1517 mes peres me uent uiriiscayq ul mardera
1327 1478 2781 1575 Qusy feroit heuris lont comps trachit ma
1474 1527 2489 1612 elli ly afe que bien le celera
1488 1577 2731 1672 faitement elaine oir tant de biaultea
1369 1637 2719 1736 u conguement maiade merelle Rspassa
1369 1683 2820 1787 far pensanche le dame bõuement en meusa
1387 1738 2841 1833 et nest Rena en che sie cle sellee le demanda
1346 1803 2717 1895 ui nait a sen uouloir tout che que desira
1359 1856 2623 1954 wboir et amengier aplente ly dõna
1316 1908 2892 2010 Tant que le douche e lamne en sante amerda
1371 1973 2687 2063 uant elle por a ler une dame sarla
1332 2040 2733 2122 euy fu gouure neresse du ureu deꝑdela
1359 2088 2662 2196 ⁊ nsanche la Roine tant est sy la pela
1304 2145 2942 2272 Daint che a dit celle pour dieu entedes cha
1320 2203 2671 2311 euant celle famne chy est garie piecha
1311 2267 2841 2387 Que se iourne droichy aler bien sen pora
1352 2334 2597 2438 e lame le cegme in mois y se iourue
1329 2398 2830 2500 pout Reuint se biaulte ⁊ fort reuuuina
1313 2467 2968 2562 Blanche deuint et uaire et ses yeuxrian
1293 2530 2890 2635 Plaisauche la coine de ses dras la che̾ma
1408 2605 2857 2691 e uint une qouruee que ly abis passa la
1283 2661 2818 2746 epires estoit de castres lurtaux on larela
1385 2709 2768 2796 naut loscelerie ainsy que Arsoit la
1378 2760 2774 2856 perchut d Romne que taut de uiaulte a
1375 2812 2982 2909 uant il le uit sy belle fouuent le ⁊garda
1378 2872 2890 2973 biaulte de le menne tellement leubrasa
1359 2939 2924 3033 ue se tient Nestous cois Ie dame Regarda
2397 3008 2915 3098 tout beudmsas
1304 3056 2970 3167 Iubseatl est uenus aluy en hault le salua
1316 3125 2728 3252 le dame ly Responquo parar fenclina
