3104 4140
165 731 1594 839 yterde cor oeuure soies moy engloutans
181 814 1806 917 gerte che poise nooy que Ie sun tant uians
165 885 1624 972 Lors auala e lamet qui se sie dementans
174 954 1928 1058 Ie noy conques Rome nent onques quenz tampiz
128 1032 1767 1136 Sur lgame de mer fu le dame esgardans
227 1113 1755 1202 uoit que par le mer uenoit sucuns calans
174 1184 1882 1288 y quelz uaissiaux estoit tous qlainr de m̃cheans
170 1260 1691 1359 Lelle paruers le au fu ly rome alans
186 1336 1751 1444 Et quant uoient le rome qui le fu aprochans
144 1409 1675 1513 A dout ahaulte uois fu le dame huquans
140 1483 1665 1586 Seigneur dist le rrme car soies enbatans
156 1559 1836 1669 Ie uoile de us maist qui est et haulx et grans
135 1646 1829 1736 Menes moy aueuques uous ie uoꝰ en suy prans
156 1715 1822 1812 un marõmees loit que auon ⟧ guimãs
138 1787 1907 1890 Tant fist que parle mer fu ses uaissaux ancẽans
135 1865 1879 1961 Et quil uint ale ame rme ouly dame Alaisans
138 1929 1711 2044 Esstoit o uoioir dier desus laue atendans
154 1998 1654 2129 que p lanqueꝙy Iita et le dame passans
135 2086 1695 2208 Et dist ly marõmers que pas nestoit treaus
131 2168 1813 2302 En dion de paradis qui est sur tous poissans
131 2247 1836 2380 Dame dont uenes uaus parmuy ches desoubans
128 2325 1658 2461 Royque Ie doy mahon Ia bien pl ang
128 2401 1764 2553 Que fun premierement chy auail ce pairans
135 2504 1649 2640 Onques ny uit persõne qui sy fust aparans
149 2594 1663 2704 Et elamir le belle sy fu bien escusans
140 2686 1953 2794 Le main que elle ot caupree fu sũplement muchãs
112 2762 1638 2854 Par my le mer sen ua le coine aueuans
1654 2778 1909 2893 Amias
140 2831 1700 2930 Or nous dist ly histoire que elle fu anta
131 2911 1872 3006 Ou pais de bretaigne et tant fu cheminans
128 2976 1909 3109 Quanãtes fule dame sy demora lont camys
