3104 4140
1205 579 2871 717 IAluisi ont li enfant leur nouriche trouuee
1267 761 2742 869 De ches prtis enfans quen ceste fores lee
1309 844 2653 940 iy ensement troune Mar telle destinee
1281 915 2728 1014 Et le chieure sauuaige est en lostel untrie
1281 984 2825 1085 Les enfans a laita par miracle ordeuie ¶ Amfy
1520 1053 2814 1156 sont ly doy enfant dont uous oyaursz
1281 1131 2906 1228 Par dedous bernutaige ou ly prendonsloes
1279 1200 2641 1292 Les ayda a norri iusqua iui ans passesz
1290 1262 2740 1366 Le chieure les alaite larguement ut assis
1281 1345 2558 1444 Ly enfes de uõnake que lion fu teroies
1283 1414 2300 1511 Il et a non lion emisy fu il nẽmes
1288 1478 2464 1575 Et ly enfes auleu sy fu bras apellẽ
1267 1550 2558 1646 Poit le brac quil portoit ensy quoy aues
1260 1621 2498 1724 Et ly bras qui Ie dy qui ot este copes
1327 1690 2634 1789 r tenoit aussy blans et aussy coulouresz
1244 1768 2892 1867 Par le uouloir de dieu qui ehaliz cois fu peurs
1281 1842 2867 1936 Pue tout le prenner Iour que il fu de seurros
1339 1908 2887 2012 res enfaus uous laray celle est nie uolentes
1341 1980 2655 2090 ⁊ du pere dray quiles ꝯt engeuresz
1373 2046 2991 2178 u estoit dereus Rõme dout bõne est lyclites
1277 2125 2666 2249 Auent lappostole qui eliment fu clames
1316 2212 2625 2323 fenconre saraii estoit souuent melles
1339 2286 2625 2398 di orout assisz rõme uineon en us
1263 2362 2841 2486 Oreux que liruris estoit courechieiz e arguen
1309 2447 2715 2564 ue ly corps de se ffame fu ainsy deurenes
1256 2511 2740 2654 ept deux bestes sauuaige ly faisz ly fucõtes
1260 2624 2820 2727 Mes il ne soauoit mie Iamais ne doubteres
1336 2702 2864 2806 ne ly cerps sen moulier fust aussy atournes
1270 2783 2846 2893 uant il le saura ⟦ae moult enert tourmentes
1481 2852 2717 2960 fu heuris a cõme ole papecluent
1263 2914 2991 3031 eliellegnerre mortelle dura moust longnement
1461 2996 2975 3130 en cõnrunt morir tout plain de benne gent
