3104 4140
363 655 1810 768 Dieux que bien si prouua li frans stois postaiss
368 729 1783 827 Il de t̾renche as paisens les testes et lel pus
379 784 1573 878 Et espaules ⁊ uras ⁊ cheruelles et uis
393 846 1410 938 uolus se coubat ausy cou autecrist
425 913 1629 986 estoit lons et drois grans corsus ⁊ furins
370 959 1573 1039 qix pies auoit de lont ly sarasins mazdilz
370 1009 1649 1076 Iur lanche portoit dont la chur est brunis
365 1058 1672 1136 pien pesoit n ͨ liures ly lauclie dont ieais
379 1108 1465 1196 nataint srescien nt᷑ soit et etperisz
356 1163 1642 1251 Et maistre et le destrier frouclir ly auemis
361 1225 1516 1311 sio cxus par se proesse odon pau resortil
365 1274 1626 1375 Clie nett mie meraille son doubte tes iuis
352 1336 1633 1426 Ariuant uint que touuoilles ⁊ erioit a hault ery
342 1403 1557 1497 Par foy faus rrestiens ne uaies deux espis
345 1467 1580 1554 Et ly rois dengleterde ot en fi tous esbalt̃s
342 1524 1615 1614 Or dist a luy moismel urais peres Ihũ list
349 1582 1615 1662 e chpil dables dure ꝑdus est mel pais
345 1637 1877 1736 Trop le eient huy mes peuples deaui Ie sun maris
347 1695 1497 1793 Eusy disoit ly rois qui tant su ageusis
349 1764 1486 1846 Et bolus se cõbat ly taiters mandaz
354 1823 1532 1911 Ia enst les dutles mates et descousil
476 1874 1686 1961 y bons rois heras qui tant ot clirle uuz
342 1934 1606 2021 penst uerl le iuiant par forche lestour pris
338 1994 1580 2083 Mais Il en iura dieux le roy de paradis
340 2067 1801 2150 due mieux ayme amorir et quil soir aasin mis
329 2132 1707 2210 Que ly iaiauis Remaigne que il ne soit ꝯchil
453 2178 1672 2270 oult ot opoy heiry un uaillant chenalier
381 2219 1762 2325 Et qui se pena moult de uo loy essanchier
370 2279 1624 2378 auaclie le lnche le cheual ua brocher
354 2343 1640 2447 ers le auuert iaiant qui fist a Resoigner
349 2405 1845 2516 Quant ꝑ le iaiant perchoit qua ly uint rouraoier
347 2467 1790 2580 Ie geant lanche qui tuit. ua contre mont rachier
338 2525 1612 2649 Ndont courut heuris uistement enbrachur
333 2589 1509 2711 Gurson col le ieta ensy cun esprinier
356 2663 1879 2796 iusques au pout de brique ne se uault itargier
349 2741 1573 2829 Et heuris reclama le pere droiturier
340 2799 1656 2907 Et dist glorieux dieu qui tout aos amueder
354 2865 1732 2966 Qr suis mors et peres sans liuoir recoiuirer
349 2914 1516 3045 Ay eame amne gracliieuse moulier
