3104 4140
142 883 1543 986 ue trestonte aultre orde pout le quelle occoison
101 961 1415 1041 lie fu le premore orde que de sin le seeton
140 1016 1141 1094 ui uño estora que souffoy passion
92 1062 1350 1147 Et aist le Roy amthome uechy un uon suron
115 1120 1394 1189 y monst dieu d gloire ne diteu se biegnon
121 1156 1585 1248 eigneur che a dit brisse puis quil uous uient a bon
179 1225 1017 1288 leray uo ꝯseil et uo aemsion
98 1269 1332 1350 usy furent da cort ly uaillant cãpaignon
285 1313 1511 1405 u brisses dacordquil preu deroit moullur
204 1366 1396 1446 l diane le puclie qui touit fist aprisier
142 1419 1408 1497 ii ne qooit pour luy ne dormirne ueillier
156 1476 1320 1554 lautre mut apres sy ꝯ qoy nouchier
140 1527 1329 1603 ntra en le prison le Rriie o uis clerfier
126 1573 1240 1649 .ui cortui alumet entre ens ou celier
124 1616 1470 1708 ame dist che dame deu qui tout a aiugier
131 1667 1359 1764 Arissi ces barons de mmal et deu conbrier
117 1724 1415 1800 dame che dist auchoine qui le cuer ot entier
124 1764 1463 1858 dieux uous ueulle garder qui se laisa planer
131 1816 1424 1911 eule saiitisme croie poi noꝰ ie terdifer
117 1865 1435 1954 uien uous deuons madaine loer et groaer
133 1920 1304 2000 ar uoue noꝰ aurs foit opporter amengeer
119 1966 1560 2051 de uo bien largement dont nous ecusmeemestier
112 2026 1421 2102 luiẽ mest ast lu diane aual le quies emploier
124 2072 1481 2159 nes ꝯiurer uoꝰ uieng sur dieu le groiturier
151 2129 1564 2221 neͬ uous me dittos uou sans point d la targur
121 2171 1302 2267 Iemandee dist anthome a uostre desarier
126 2233 1412 2336 oy que doy ma cairone qui est d sin aruier
154 2283 1320 2394 le que demanderes ne uoꝰ uoran noie
195 2346 1428 2456 se me deinston tous lect menbre trouchier
140 2398 1118 2507 issus celle parole uoue pois apoier
105 2465 1541 2555 en uous roy dist ludiane ueulles moy aclarur
200 2513 1520 2615 chieux damoisiaux chy afamne ne moullier
103 2585 1599 2668 emechie aist authoie se dieuys me puist aidier
98 2619 1270 2725 aiques nenot talent de nule fianchier
223 2679 1412 2783 si uie ly conta et prist a de seanner
133 2720 1447 2845 ar foy che pist ludiant sil me ueult afier
163 2785 1440 2875 prengre amariage ens ou uostre sporetaer
161 2835 1341 2941 uous d liueray ama demain lesclarier
121 2893 1543 2999 uul che ast authome et pour uoꝰ efsanchur
124 2957 1612 3058 pous don constantmoble dont by mite sont plemer
117 3012 1281 3104 pres me fin ares meterre a iusticier
108 3070 1224 3137 are che adli brisse chefait d dkoie
131 3098 1658 3217 ant le uit uelle et geme quamor le ua lauchier
1859 827 1983 954 196
