3104 4140
1378 724 2869 862 Du conte uous dumy lairay se duay sans rapel
1387 798 2910 924 de le franche Rome qui pas not sen peuil
1428 862 2853 975 Qui ou son de la roche estoit en ung prauel
1387 913 2910 1062 suenques luy estoient au deux sy damoisirl
1382 988 2770 1104 le rome menga seullement un morsez
1378 1060 2664 1159 Rabent du uin sans auoir haue pul
1355 1133 2703 1235 Ses enfans alaita ly dame ocorps ymel
1396 1200 2913 1294 De se prepre quemise bon a fait manit bendel
1385 1262 2919 1373 Chely au brach auoit le prechi dong mantel
1382 1329 2676 1423 ou amolerpe Iu le brat et bien et biel
1380 1403 3030 1536 piaio fieips dist la rouir par le corps saint darue
1375 1490 2818 1589 Iamais ce Rosteray alcil a muil iour cel auel
1504 1557 2965 1662 ra dõne men brat quõ treucha dun contel
1375 1635 2899 1715 lors qleure teurecuent en meuant doel arurl
1497 1688 2740 1768 lame ie roine lu en le poche ague
1481 1743 2995 1839 Et la gisfoit le dame coute plare estendue
1355 1807 2809 1911 De lauoy quelle auoit toute ly char lissue
1375 1876 2791 1973 Des enfans aletoit par desus lerle drue
1373 1936 2922 2042 ong pretit se couclia en disant uiergeairne
1371 1998 2860 2111 Pr suis gentieux fame et de haulti uenue
1318 2060 2949 2180 Pour pequirt esquiuer suy de mon Rẽgue issie
1327 2125 2820 2256 S ha estes a tel fun que que ie fe suy de uo
1329 2194 2949 2309 Bengeneastes men corpsz chost uien ce se sceue
1329 2270 3016 2382 Mes pour che quaurut uous me uoliesteminu
1359 2332 2774 2456 Lassaihe non roialme ⁊ toite ma teuue
1348 2398 2800 2530 Or auidoie bien estre lautie iour reteuue
1332 2465 2938 2589 Par le roy dengleteri alechiere meubrui
1334 2550 2986 2670 Iuel trop plus que deuant ie metrouuan ꝑdi
1500 2635 2788 2753 ongẽ que songoy en le bõne fondur
1352 2704 2887 2822 In est moult bien aueris uien enuos le tenuue
1350 2789 2968 2881 Hechy les ii serprus que nre ꝑ main noir tela reiue
1343 2858 2977 2962 Nes iay sy grant fianche en dien que fistlecue
1350 2921 1371 2987 4
1403 2932 2719 3019 une Ie serayprar paux encor se tourue
1341 2994 2728 3095 Ay las que uechy une lont actendue
1286 3088 2883 3245 t ay frans uoy e anthome ie suy de uous uenue
