3104 4140
1244 692 2429 802 Ioubardie Rassa a tout se barõme
1300 777 2738 880 nen xl mille hõmes sont en se cõpaignie
1263 855 2908 963 N uug port de mer unnt la et mante galagalie
1249 933 2811 1044 Ia eutra ly boult rois dont Ie uous seuefie
1233 1014 2742 1122 par mer sen ua nagant et aIlũcrist prie
1231 1101 2703 1209 Etue de sa filli. clai i ait nouuelle oe
1231 1168 2735 1299 Bont selont la lemigne ln Riche Roy costee
1293 1265 2406 1393 mnbaune arma sy con listore trie
1240 1336 2641 1458 Ia y auoit un Roy qui tuit la sꝯgnourie
1267 1419 2579 1545 l estoit sarazin en dieane creoit mie
1231 1492 2834 1607 Ures moult en fu eureux pour uray le uous asie
1221 1593 2781 1699 Darctoidues ly bous rois uint en celle parti
1221 1685 2749 1784 Car puis fe baptisa ou non sainte marie
1293 1754 2956 1860 t cut sy bien en diou que se namne en saintie
1210 1828 2505 1925 Sains est en paradie sy dulistor si
1228 1902 2807 1998 or uous dirax dauthoine a le chiere hardu
1217 1975 2551 2079 Cõment il be conquist par se bacheleru
1217 2053 2860 2152 Car il fu aoult hardis pour uoir le uous a fie
1219 2139 2853 2240 t prendous ensemuent chest bien cose auerie
1279 2228 2857 2336 uant bar uamere uint ly pois et se lignie
1233 2320 2618 2419 Cor on ly ot du poy le nouuelle iehie
1219 2398 2818 2495 Eui maintenoit le tierre dalemaigne en partie
1359 2477 2853 2599 qui se maintenoit de tres mauuaise uie
1219 2562 2627 2651 Qaibant auoit anon ale loy paeuye
1325 2624 2890 2748 Peigneur ꝓchripo gribato qui bauiere touoit
1224 2725 2954 2840 CEstoit forment hardy et moult cremꝰ estoit
1214 2822 2811 2914 Il auoit une fille ou grant bt biante auoit
1224 2888 2503 2992 Micez ycelle pucelle a Ihũ crist creoit
1231 2978 2984 3091 Par aucune uertus dont parcliis son estait
