3104 4140
1343 903 2657 1002 Iay uien uente clanu le Roines uis cler
1364 977 2929 1051 groit acoureien couraie lan s uen d mourer
1334 1035 2984 1115 tu me m maison se unt cele dame ost her
1378 1078 2768 1163 un affaire me uault et sire etrcorder
1346 1131 3005 1219 ues Ie ne le dirou pourles meubres cauper
1555 1177 2807 1265 e nestoit auous qui me pors saier
1350 1228 3030 1317 ar uous estes nos dieux pour nous apardõner
1343 1290 2998 1384 Tout chi aue nous uolous ne faire ne penser
1327 1352 2834 1435 Et pout taut me uoray chya uoꝰ cousissez
1348 1400 3030 1483 Rui le uous ⁊oil anchomen qui le uult oigene
1387 1451 2952 1547 uoloit par se forche amoullier esponser
1380 1506 2777 1607 e ꝯgret len uansistes ottrour et donnir
1412 1566 2972 1662 uie espousast se fille ne le uault endurer
1371 1623 2867 1718 ar elle sensuy par nuy le haulte mer
1415 1681 2982 1777 tot moull s mesquizi asen cueraportez
1362 1741 3009 1837 dont droit en endleterre le fist dieux arpuer
1352 1807 2871 1906 la endroit Ru troiire dun gentil uaceler
1343 1862 2910 1961 Rui henry dengleterbe se faisoit apeler
1382 1922 3009 2040 cheux le uit tant uelle que tos sauareste
1341 1984 2745 2074 uor ytlle romeremoullier esponser
1348 2042 3034 2132 pout margre une uielle quelle me uaultate
1318 2102 2832 2178 Qui mere estoit au roy qui cant fist aloir
1332 2152 2919 2247 n es quia siston le Same de le cerueseurer
1334 2214 2818 2309 que main ly siston trenchier et de cauper
1658 2277 2919 2371 tia enfans ot ꝟelle agouuremt
1302 2341 2929 2419 oroir a cours en couraine uint eTe demoure
1348 2396 3011 2486 d aus fust aueut moy pour saumosne Rouuer
1313 2444 2991 2546 Or noauie grõment queile sen ualile seurer
1341 2513 2855 2601 uescayou elle ala dieu ler ueublesauuir
1431 2571 3025 2658 gues de meulre dame noy mon corpapler
1396 2628 3041 2716 nant lu gapas lentent se cõmenche a ploil
1348 2684 2784 2771 e lome pleure aussy et prent de souparer
1341 2739 2671 2835 I las cestoit seboucles nesy osefier
1339 2796 2956 2895 y uous papes chmons lya dit hault et cler
1369 2858 2749 2957 Re se uus uolel chy aual demourer
1288 2918 2873 3029 Ma court uous a bandonne auenr et aler
1472 2980 3041 3079 prendes de tes uiens que uous pores troune
1288 3042 2970 3148 Pour la moit le Reme que bienscaues nõmer
1297 3095 1408 3173 Ete
1560 3107 2717 3190 uous l scames en nul cien rase
1283 3157 2963 3259 Cfaut dor et tant sauair uous feroit dõner
1150 3576 1205 3643 4
