3104 4140
1488 708 1629 837 93
92 816 1442 933 et ma lorr sen uault deuant moraut aler
144 894 1256 986 geuour se ieta as pies ly uault estez
117 917 1534 1041 t dist sainte persõne uor bles moy pardõner
177 972 1504 1099 e que pran meffait Ie sun prox damender
103 1028 1461 1147 ar oprimes puis uien aperche noir et uiser
105 1087 1332 1198 tue le lay ou te crois fait a Recõmander
115 1147 1251 1255 quee des oremais y le uoray aourer
177 1207 1210 1324 alores le gaiant a no loy soblega
142 1246 1389 1375 Et o conte morant ue par don demanda
195 1327 1060 1439 tel corsision qhũcrist ten loa
163 1384 1362 1492 le prist qoa le main en estant le leua
140 1460 1092 1547 ly a Emande slse baptisera
138 1506 1357 1603 ⁊ malore Resppout que moult le desira
128 1566 1205 1658 a frerent saraini dout casain Rwarda
119 1614 1258 1708 ue maloiae leur flres atosy sumulia
128 1658 1431 1761 it uirent les meruelles que aueuusont la
140 1720 1283 1821 ascii incõtiuent baptesme de manca
131 1768 1463 1874 enque morant ot iait quant Il les escouta
135 1821 1258 1925 ũcist ey se mere Sonchemont en loa
138 1883 1148 1971 Sist a malore ourrir uꝰ comere
140 1915 1348 2033 uilt grant aoaechy no gent y entera
142 1980 1369 2086 et molores cespuint uolentieis le sera
158 2033 1306 2134 a le porte ouuerse ⁊ le qrnt auolla
161 2067 1624 2194 uant d rois heuru uit che forment sesmerulla
158 2145 1454 2247 ⁊ oussy fist anthomi car casdun deux cuida
156 2198 1495 2295 ne morantsoit ochis Roi heris en ploura
144 2258 1366 2355 orment le Regretoient et quant Il amsa
149 2290 1440 2403 o a oruert᷑ ue porte celle part senala
144 2352 1435 2456 Rorans sy la quei chut adonques le husqna
181 2403 1541 2518 iauenes sire roul auen corps uouu fenera
181 2467 1417 2573 qe sastel qui est chiy ⁊ le tous que est l
181 2559 216 2628 ‸
225 2523 1479 2626 quant henrie les uoit de Iqũa se scigna
163 2578 1569 2684 t onssy fist auchoine qui droitla sadrecha
154 2640 1387 2748 noraus aut a cole et leur Recor da la
151 2702 1382 2801 du ꝯmant de lertour Et quaut Il la scrloe
138 2769 1210 2861 Et cõment il moru cẽciẽt Il d fina
184 2801 1550 2918 t de le grande Rumee que se geulleieta
181 2870 1511 2980 t oussy deu coromps que furent uena la
177 2930 1454 3038 t cõment malores a dieu se radrecha
151 3003 1329 3102 Et tout ly sargan cascun l osle ga
190 3045 1640 3187 e dieux que ly abie heueit egrant ioie demenae
