3104 4140
1539 942 2692 1044 porter fist esquielles heuris ly louux
1458 1014 2814 1094 Muis ler fait a poier encoutre les murian
1511 1074 2701 1147 a montes no baron sodoier et uassais
2754 1067 2788 1129 C
1477 1113 3021 1205 Iles paiens leuer ietrient ⁊ douros et gaillanx
1507 1189 2942 1248 audiane o le boulant so chous ⁊ẜ durre caux
2673 1166 2786 1214 uin
1716 1237 2832 1313 sier en brases ossy par grant bariaux
2883 1237 2926 1301 E
1507 1290 2968 1375 out a no cent ardoient les testes et dot ceruaux
1525 1336 2740 1421 e Roy herri en iure les iaine celesti aux
1520 1389 2830 1472 Eue imais deparliy nen sera frapecar bo
1532 1437 2995 1529 t quant morans lentent de couranch su uerma
1543 1504 2685 1582 dont de lassalir su sy ardant et caulx
1527 1550 2864 1637 daul mesmee monta dessy iusques acdetiaux
1477 1605 2892 1688 nes ly pe lonͣs grians qui tant est desloians
1539 1658 2979 1752 euon une grant haiche qui fu dachier Roiaux
1488 1718 2896 1814 Ressus les ds morans frapa ii sy graua caupa
1847 1777 2986 1867 e rresbusqua ly gentieux damoisiaux
1583 1823 2738 1922 prans su en fosses queus tous estoiudis
1723 1895 2855 1975 geut y sont uenu que ny sont alentis
1479 1929 2873 2035 Qui cui doient moult bien qui fust mors et occlris
1532 1982 2673 2086 uant enme le uirent sen furent respois
1516 2035 2544 2148 et Il qure ihũs le coy ce paradu
1525 2095 2395 2191 andire montera ou ie sera ochiñ
1518 2136 1576 2263 S
1619 2162 2611 2237 auint a heury le noble Roy gentur
1640 2203 2616 2295 aist moraus̃ le bon uassalde pris
1497 2251 2770 2350 gaillies mon un pignon e uoi armeafirrmt
1514 2350 2701 2449 ne ꝯuuais de mes armes ne seray desietis
1624 2311 2705 2396 e uous m connẽt par le corre Ihũtris
1495 2405 2618 2509 army lepignon dessus leporte assiã
1479 2461 2653 2569 Du ie moray on fait aultrement ne ledis
1507 2518 2678 2619 morant dist heirre non feres doulx amis
1502 2622 2696 2714 Raiement que seroit Restons y plua petis̃
1794 2585 2473 2670 series affolis ou ochur
1532 2691 2871 2833 ar onques plus prendout de uo corpe ne fu uns
1776 2679 2687 2769 uous per doie Ien seroie marut
1451 2780 2869 2888 Gue chi ditmorans uy uoett uoet etpronus
1573 2838 2597 2927 clir fait a cdupler ou ie seran seunr
1516 2875 2678 2987 e ueul tenr mon ueu ia nenferray ama
1495 2930 2853 3033 out ploura ceurement ly Riche Ron heurus
1493 2987 2696 3095 iuorans fu baillies dy qu anõchaux Iolu̾
1497 3035 2646 3153 du estoit a lupars bien pourtrais a dems
1550 3109 2751 3203 escoutes seignentr ppour diou de paradia
1502 3160 2908 3282 e rresgrant hardemur du cheualier gentur
