3104 4140
1341 496 2917 644 Et que poͬ le le Rome faire auoir sauement
1362 561 2892 703 Aly arse me mechain quamoie louuleuent t
1373 676 2834 814 Et dist doubz ihũcrst aqui le mont apeut
1424 761 2554 857 Et quenet auemt en cestuy tenenren
1362 837 2577 924 ia menoia ly Rois sen saiel sy souuem
1364 940 3002 1048 Our ieardisse elame que dieix gart de courment
1440 885 2908 988 rt par yo mesagiers me macda termement
1359 1014 2931 1110 Or me dist chieux uassan ly rois ne scet norent
1362 1085 2685 1179 slins mais noy paler de ges tourllement
1334 1145 2703 1246 Tresdouche mere dieu ossy tresuraiement
1341 1202 2768 1315 Oue ihũcrist partastes po imois uirginalment
1394 1267 2975 1386 Et que delule en fustes sans recheuor tourment
1343 1343 2834 1446 Se me uoellies aidier par quoy deliurement
1332 1414 2929 1508 Quisse auoir de che fait que syy uamalement
1323 1478 2733 1573 Oy uray que iou en ay ouure sy layaument
1378 1536 2922 1644 dont pleure ly quieus de ses yeux teurement
1352 1614 2758 1704 Et auchoones oussy ne sen terist noient
1343 1669 2719 1773 ¶Au ly einst dõne tout lor du firmamrent
1348 1741 2595 1867 Iy contes de cloclestre nr fist arestement
1357 1833 2669 1927 Il est entres en mer en lorage et au ueur
1364 1902 2657 2005 Et cõmanda a anthõne ⁊ a coute se gent
1346 1984 2685 2063 CLon ne sesist au roy nesun Racoutement
1327 2051 2505 2139 Delame le roie ne desen finement
1332 2113 2600 2212 Iusqua tacit quil auloit passe ben talent
1339 2189 2588 2297 Le haulte mer salre et fait arurement
1311 2267 2754 2362 Car il se uoroit ia moier por mautalent
1283 2339 2551 2444 e delame scauoit le cruerpx iugenrent
1300 2421 2779 2527 EEt chi ont respondu uous parles sagemẽt
1267 2576 2703 2674 Lroy heury dengleterte qui en le merentra
1484 2509 2747 2603 contes de clochesta a bou longne Nouna
1311 2638 2735 2743 Car de ueoir elame moult formet se pena
1412 2707 2687 2819 le que de clochestre le roy saluer ua
1316 2778 2551 2879 Et quant in Rois le uoit adont ly escaa
1309 2856 2855 2957 Nre contes de clochestre bien ait que uous porta
1309 2932 3011 3098 Qui fait le belle elame que mon corps uous laissa
