3104 4140
1382 940 2475 1041 ua le uout sarazin tellemẽt assalant
1419 1000 2556 1099 ne Il qut a batu̾ amoure lespoissant
1357 1062 2616 1152 sa leinsent ocis par le mien essantien
1362 1120 2876 1200 Etuand heuris e tau tomes uot lleuef entrant
1415 1175 2784 1246 e ceualie ⁊ uyont  Restous tout maintenant
1472 1219 2864 1292 le porterent hoĩs par be fort du calant
1539 1267 2988 1361 tostque hors furent le nef que ie uoꝰꝰtant
1421 1322 2818 1405 scpa demodent ppar mir seg ua nagant
1355 1375 2919 1469 Iu les par d nere custre uout silazu ꝑlotant
1504 1428 2786 1531 uaissaux nen yot fors un de Remanant
1327 1488 2738 1612 ¶ara in furentipris ⁊ mortet Resreant
1481 1566 2947 1672 aigne uout einsainble nostre heut appartat̃
1346 1635 2949 1720 aulre sant en donnerent au petit cõme au grant
1341 1683 2878 1787 apres uout nobaroii enuers Rõme le grant
1410 1738 2604 1830 Q fen uout nobaron parmny le mer sal
1343 1793 2913 1885 lele lutaille out entryaux uaimmne ⁊ aquitee
1343 1846 2537 1938 Atier ue sarmerent par une matinee
1329 1908 2781 1991 ai le clate de cõme est le nouuelle aler
1327 1973 2722 2046 ppue no gent pe pairent de su uoie le lee
1373 2012 2977 2093 ⁊t quilent enen mer moulttresgraude mesler
1403 2072 2931 2166 oncre cheuxo d palerue une gont deffeirr
1348 2122 2577 2205 et quil oreutteu uictoire la iournee
1408 2180 2936 2270 uant ly cãpes en qe sot le ueriteprouuir
1355 2235 2540 2318 qũcrist en loa et le uierge hõneree
1311 2293 2346 2371 Flamne qui sestoit logie et amass
1283 2341 2731 2447 Par dossonr lesdegres de le sale pame
1318 2405 2793 2502 frrant oy des a edrõ qui serent retouruie
1396 2463 2528 2557 uenoient a rõme a uaine releuie
1396 2518 2827 2610 e dieux que la romne en su esppouentre
1382 2576 2814 2674 t quelle en fu ancuer courechie et yree
1364 2633 2429 2725 ielas dist la roue ꝯmale dessiui
1560 2672 2708 2789 suy decRoit ghe coguene ⁊ainsie
1445 2753 2685 2840 se seroy amort en fucorse et brulie
1412 2808 2606 2891 lanie la rome grant fole faison
1362 2833 3034 2944 Quant ou poy dengli cerri deaout sedaDonte
1371 2911 2890 3019 e de son pere ousst que lonc tomps lauoit
1323 2985 2807 3075 Par d ces deux baxgne tant desiree estoit
1382 3040 2903 3132 ne muis qui soit uiuans aie le uoul a diron
1313 3098 2703 3196 sa rosdie de Rcone en soippalais estou
1385 3162 2952 3252 uant iloy nouuelles danthoue qui uenoit
1300 3215 2666 3318 Et ou uon roy heury qui elameiuieoit
