<?xml version="1.0" encoding="UTF-8"  standalone="yes"?>
<PcGts xmlns="http://schema.primaresearch.org/PAGE/gts/pagecontent/2019-07-15" xmlns:xsi="http://www.w3.org/2001/XMLSchema-instance" xsi:schemaLocation="http://schema.primaresearch.org/PAGE/gts/pagecontent/2019-07-15 http://schema.primaresearch.org/PAGE/gts/pagecontent/2019-07-15/pagecontent.xsd">
  <Metadata>
	<Creator>escriptorium</Creator>
	<Created>2025-10-15T20:24:09.016946+00:00</Created>
        <LastChange>2025-10-15T20:24:09.016966+00:00</LastChange>

  </Metadata>
  <Page imageFilename="620416201_MS0742_0766_0065B.jpg" imageWidth="3104" imageHeight="4140">

    
    <TextRegion id="eSc_textblock_d23b8e82"  custom="structure {type:text;}">
      <Coords points="1343,616 1764,662 2938,690 3002,717 3030,1083 2965,1288 2965,1561 3039,1674 3030,1892 2910,1996 2864,2113 2726,2217 2728,2263 2929,2309 2993,2392 2984,2546 2901,2695 2901,2950 2864,3015 2699,3052 1948,3070 1826,3107 1304,3079 1249,3042 1286,745 1304,644 1343,616"/>
      
      
      <TextLine id="eSc_line_3a472560" custom="structure {type:default;}">
        <Coords points="1408,717 1408,742 1442,738 1468,745 1541,770 1543,770 1546,772 1601,772 1601,770 1603,770 1606,770 1633,752 1645,745 1721,745 1953,749 1969,763 1994,781 1997,781 1999,781 2105,784 2107,784 2109,784 2146,768 2151,765 2160,768 2199,786 2202,786 2204,786 2206,786 2252,772 2289,761 2439,768 2459,779 2480,788 2482,788 2485,788 2487,788 2510,781 2528,775 2537,781 2558,795 2560,795 2563,795 2565,795 2694,793 2696,793 2699,793 2705,786 2712,781 2719,788 2733,800 2735,800 2738,800 2804,802 2807,802 2809,802 2837,791 2869,779 2982,795 2986,761 2986,713 2809,710 2804,708 2774,692 2772,692 2770,692 2648,701 2627,685 2625,685 2623,685 2620,685 2206,692 2183,692 2181,692 2146,673 2144,673 2142,673 2052,680 1992,669 1990,669 1822,683 1815,683 1808,683 1631,660 1629,660 1626,660 1589,676 1543,657 1541,657 1454,655 1451,655 1449,655 1408,671 1408,717"/>
        <Baseline points="1408,717 1879,722 2268,745 2986,761"/>
        <TextEquiv conf="0.9855930325777634">
          <Unicode>euz seigneur ont saisy que moult estoit greues</Unicode>
        </TextEquiv>
      </TextLine>

      
      
      <TextLine id="eSc_line_d8ff4cc3" custom="structure {type:default;}">
        <Coords points="1493,807 1491,827 1820,827 1958,848 2015,855 2017,855 2020,855 2034,850 2075,837 2142,837 2206,855 2208,855 2211,855 2213,855 2215,855 2225,846 2243,860 2245,862 2248,862 2250,862 2252,862 2271,860 2342,848 2360,864 2363,864 2363,867 2365,867 2367,867 2369,867 2372,867 2374,867 2376,864 2390,855 2443,867 2466,871 2468,871 2471,871 2480,869 2526,853 2616,873 2618,873 2620,873 2623,873 2625,873 2643,860 2719,873 2722,873 2724,873 2772,862 2860,883 2867,885 2869,885 2977,887 2982,860 2982,814 2938,798 2936,798 2933,798 2931,798 2929,798 2910,809 2738,800 2715,779 2712,779 2710,779 2708,779 2705,779 2646,800 2646,802 2600,802 2595,800 2563,781 2560,781 2558,781 2556,781 2517,795 2514,795 2416,795 2413,793 2342,765 2340,765 2337,765 2277,777 2243,763 2241,763 2238,763 2236,763 2234,763 2211,777 2116,758 2114,758 2112,758 2109,758 2082,781 2080,781 2040,765 2038,765 2036,765 2034,765 2013,772 1994,756 1994,754 1992,754 1990,754 1988,754 1925,763 1799,747 1797,747 1794,747 1792,747 1792,749 1771,765 1751,747 1748,747 1746,747 1698,742 1695,742 1601,763 1599,763 1493,761 1493,807"/>
        <Baseline points="1493,807 2220,825 2982,860"/>
        <TextEquiv conf="0.993925276475075">
          <Unicode>yontdit urais dieux uray roy de mareste</Unicode>
        </TextEquiv>
      </TextLine>

      
      
      <TextLine id="eSc_line_3b6c2c7e" custom="structure {type:default;}">
        <Coords points="1320,871 1318,887 1373,901 1375,901 1378,901 1380,901 1394,892 1408,885 1445,885 1458,896 1465,901 1468,901 1470,901 1472,901 1474,901 1486,896 1509,887 1543,901 1589,919 1592,919 1594,919 1596,919 1640,906 1677,894 1771,910 1774,910 1776,910 1778,910 1792,899 2006,906 2024,922 2024,924 2027,924 2029,924 2031,924 2034,924 2082,910 2146,929 2149,929 2151,929 2280,924 2310,940 2326,949 2328,949 2427,952 2429,952 2432,952 2434,952 2439,947 2457,936 2478,949 2487,956 2489,956 2491,956 2827,968 2830,945 2830,892 2586,880 2583,876 2570,864 2570,862 2567,862 2565,862 2563,862 2510,871 2487,876 2480,869 2452,848 2450,848 2448,848 2445,848 2443,848 2441,848 2416,867 2404,873 2369,873 2340,862 2294,846 2291,846 2289,846 2287,846 2259,855 2248,841 2245,841 2245,839 2243,839 2241,839 2238,839 2236,839 2202,853 2190,839 2188,839 2188,837 2185,837 2183,837 2181,837 2063,846 2043,846 2029,844 1971,827 1969,827 1967,827 1965,827 1962,827 1962,830 1951,839 1944,846 1905,846 1870,834 1836,823 1833,823 1831,823 1829,823 1826,823 1815,830 1799,841 1780,827 1769,821 1767,821 1764,821 1714,818 1711,818 1709,818 1707,818 1702,823 1684,839 1633,841 1608,818 1603,816 1603,814 1601,814 1599,814 1596,814 1573,816 1456,834 1419,807 1417,807 1415,807 1323,802 1320,871"/>
        <Baseline points="1320,871 2073,892 2374,924 2830,945"/>
        <TextEquiv conf="0.9774339951966938">
          <Unicode>Emaeste uy dicux dont uous estes ddeus</Unicode>
        </TextEquiv>
      </TextLine>

      
      
      <TextLine id="eSc_line_5b85aeff" custom="structure {type:default;}">
        <Coords points="1382,940 1380,959 1589,965 1594,945 1589,883 1516,896 1488,880 1486,880 1484,880 1382,880 1382,940"/>
        <Baseline points="1382,940 1594,945"/>
        <TextEquiv conf="0.9994718035062155">
          <Unicode>emn</Unicode>
        </TextEquiv>
      </TextLine>

      
      
      <TextLine id="eSc_line_9815b063" custom="structure {type:default;}">
        <Coords points="1755,968 1753,984 1824,1011 1826,1011 1872,1014 1875,1014 1877,1014 1879,1014 1900,995 1928,1007 1930,1007 1932,1007 1935,1007 1937,1007 1946,1000 1955,993 1992,1002 2011,1007 2013,1007 2015,1007 2017,1007 2020,1007 2022,1005 2031,995 2057,1007 2059,1007 2061,1007 2066,1007 2162,1005 2179,1016 2195,1030 2197,1030 2199,1030 2202,1030 2204,1030 2206,1030 2218,1018 2231,1009 2287,1011 2319,1025 2367,1048 2369,1048 2468,1053 2471,1053 2473,1053 2505,1039 2521,1035 2549,1044 2606,1062 2609,1062 2611,1062 2666,1051 2682,1048 2689,1053 2710,1071 2712,1071 2715,1071 2717,1071 2719,1071 2745,1058 2747,1032 2747,982 2595,961 2593,961 2526,963 2480,963 2459,956 2411,940 2409,940 2406,940 2404,940 2372,949 2360,954 2344,947 2314,936 2312,936 2310,936 2307,936 2289,942 2273,949 2245,940 2206,926 2204,926 2022,915 2020,915 2017,915 2015,915 2011,919 1999,929 1935,929 1757,901 1755,968"/>
        <Baseline points="1755,968 2206,982 2747,1032"/>
        <TextEquiv conf="0.9516745702973728">
          <Unicode>eichieurs che aist ly rois pe</Unicode>
        </TextEquiv>
      </TextLine>

      
      
      <TextLine id="eSc_line_5b32b18e" custom="structure {type:default;}">
        <Coords points="2832,1007 2913,1005 2972,1018 2979,984 2977,933 2915,938 2837,903 2834,982 2832,1007"/>
        <Baseline points="2834,982 2979,984"/>
        <TextEquiv conf="0.9272786498069763">
          <Unicode>atras</Unicode>
        </TextEquiv>
      </TextLine>

      
      
      <TextLine id="eSc_line_b77b2953" custom="structure {type:default;}">
        <Coords points="1320,1055 1428,1062 1458,1083 1461,1083 1463,1083 1465,1083 1583,1067 1615,1064 1629,1069 1645,1076 1647,1076 1649,1076 1688,1074 1725,1069 1732,1074 1748,1087 1748,1090 1751,1090 1753,1090 1755,1090 1937,1083 2098,1078 2213,1081 2261,1097 2287,1106 2289,1106 2478,1110 2480,1110 2482,1110 2485,1110 2485,1108 2487,1108 2494,1101 2508,1108 2514,1113 2517,1113 2519,1113 2733,1117 2738,1099 2735,1051 2579,1046 2574,1041 2540,1025 2537,1025 2535,1025 2533,1025 2531,1025 2512,1039 2508,1041 2344,1039 2330,1030 2307,1016 2305,1016 2303,1016 2300,1016 2298,1016 2273,1028 2264,1032 2257,1025 2243,1011 2243,1009 2241,1009 2238,1009 2236,1009 2234,1009 2206,1021 2181,1005 2179,1005 2176,1005 2174,1005 2172,1005 2123,1021 2119,1021 2100,1005 2100,1002 2098,1002 2096,1002 2093,1002 1992,1014 1944,1018 1928,1009 1916,1005 1914,1005 1912,1005 1909,1005 1900,1009 1870,1023 1859,1011 1856,1011 1854,1011 1852,1011 1778,1016 1746,1002 1728,993 1725,993 1677,991 1675,991 1672,991 1670,991 1663,998 1656,1002 1649,998 1642,991 1640,991 1638,991 1527,986 1525,986 1523,986 1520,986 1516,991 1491,1007 1396,1007 1325,982 1323,1044 1320,1055"/>
        <Baseline points="1323,1044 2169,1062 2369,1083 2738,1099"/>
        <TextEquiv conf="0.955010352907954">
          <Unicode>imais̃ a uo uiuaist adieu ne me tenes</Unicode>
        </TextEquiv>
      </TextLine>

      
      
      <TextLine id="eSc_line_f9c415a6" custom="structure {type:default;}">
        <Coords points="2922,1087 2968,1092 2972,1064 2972,1007 2926,993 2924,1062 2922,1087"/>
        <Baseline points="2924,1062 2972,1064"/>
        <TextEquiv conf="0.9799458384513855">
          <Unicode>ne</Unicode>
        </TextEquiv>
      </TextLine>

      
      
      <TextLine id="eSc_line_29150bbe" custom="structure {type:default;}">
        <Coords points="1336,1127 1334,1136 1440,1152 1442,1152 1550,1147 1603,1145 1617,1150 1679,1177 1682,1177 1684,1177 1686,1177 1751,1156 1753,1156 1847,1182 1849,1182 1852,1182 1854,1182 1900,1163 1916,1154 1997,1154 2284,1161 2307,1182 2323,1196 2326,1196 2328,1196 2466,1198 2468,1198 2471,1198 2473,1198 2485,1191 2489,1186 2517,1191 2577,1202 2579,1202 2581,1202 2600,1196 2618,1189 2666,1198 2701,1205 2703,1205 2705,1205 2717,1200 2747,1189 2804,1205 2823,1209 2825,1209 2982,1212 2986,1191 2986,1131 2832,1129 2827,1122 2814,1113 2814,1110 2811,1110 2809,1110 2807,1110 2804,1110 2765,1120 2747,1124 2740,1120 2719,1104 2717,1104 2715,1104 2712,1104 2710,1104 2682,1117 2676,1120 2671,1115 2662,1108 2659,1108 2657,1108 2655,1108 2653,1108 2650,1108 2643,1115 2636,1120 2602,1113 2574,1108 2572,1108 2547,1110 2508,1115 2489,1108 2452,1092 2450,1092 2448,1092 2374,1104 2363,1104 2360,1101 2340,1090 2337,1090 2335,1090 2333,1090 2330,1090 2310,1099 2296,1108 2280,1099 2266,1090 2264,1090 2261,1090 2259,1090 2208,1094 2172,1081 2169,1081 2121,1081 2119,1081 2116,1081 2114,1081 2103,1090 2096,1094 2089,1090 2075,1078 2073,1078 2070,1078 1935,1076 1932,1076 1930,1076 1916,1083 1879,1099 1739,1074 1702,1069 1700,1069 1698,1069 1691,1071 1656,1092 1612,1092 1576,1067 1573,1064 1571,1064 1569,1064 1566,1064 1543,1067 1428,1078 1336,1058 1336,1127"/>
        <Baseline points="1336,1127 2238,1138 2356,1156 2986,1191"/>
        <TextEquiv conf="0.9676899262096571">
          <Unicode>Far il nest cun seul dieu Iqũ cist est clames</Unicode>
        </TextEquiv>
      </TextLine>

      
      
      <TextLine id="eSc_line_9f91ae54" custom="structure {type:default;}">
        <Coords points="1336,1202 1334,1212 1392,1239 1394,1239 1396,1239 1477,1221 1486,1219 1491,1221 1541,1248 1543,1248 1546,1248 1652,1235 1691,1253 1693,1253 1695,1253 1698,1253 1734,1235 1746,1230 1824,1230 1893,1237 1902,1246 1921,1262 1923,1262 1925,1262 1928,1262 1930,1262 1969,1248 1999,1239 2098,1242 2109,1258 2114,1260 2114,1262 2116,1262 2119,1262 2121,1262 2139,1260 2192,1248 2280,1248 2328,1269 2330,1269 2333,1269 2335,1269 2360,1258 2379,1274 2390,1283 2393,1283 2395,1283 2397,1283 2462,1278 2531,1271 2558,1283 2574,1290 2577,1290 2579,1290 2641,1288 2731,1285 2848,1299 2850,1271 2850,1221 2590,1212 2574,1205 2508,1182 2505,1182 2503,1182 2402,1196 2360,1200 2337,1191 2287,1173 2284,1173 2282,1173 2190,1184 2165,1186 2119,1179 2001,1161 1999,1161 1912,1168 1859,1173 1817,1163 1785,1156 1783,1156 1780,1156 1778,1156 1774,1161 1748,1175 1711,1175 1684,1156 1675,1150 1672,1150 1670,1150 1668,1150 1665,1150 1656,1154 1631,1168 1573,1150 1548,1143 1546,1143 1543,1143 1541,1143 1530,1147 1491,1166 1336,1138 1336,1202"/>
        <Baseline points="1336,1202 2091,1216 2597,1262 2850,1271"/>
        <TextEquiv conf="0.9902554687700773">
          <Unicode>ui cheluy ne sdea en infer est dampnus</Unicode>
        </TextEquiv>
      </TextLine>

      
      
      <TextLine id="eSc_line_bbcf8c43" custom="structure {type:default;}">
        <Coords points="1304,1297 1302,1313 1580,1334 1583,1336 1640,1336 1640,1334 1642,1334 1645,1334 1645,1331 1652,1327 1661,1317 1670,1327 1672,1327 1675,1327 1677,1327 1707,1327 2043,1324 2061,1338 2066,1343 2066,1345 2068,1345 2070,1345 2073,1345 2105,1340 2176,1329 2215,1345 2229,1350 2231,1350 2234,1350 2236,1350 2250,1345 2287,1334 2303,1347 2305,1350 2307,1350 2310,1350 2312,1350 2323,1347 2386,1334 2466,1352 2478,1354 2480,1354 2482,1354 2487,1352 2508,1345 2696,1359 2701,1331 2701,1283 2365,1274 2360,1269 2319,1248 2317,1248 2220,1246 2218,1246 2215,1246 2179,1265 2176,1265 2172,1265 2098,1244 2096,1244 2093,1244 2091,1244 2052,1260 2038,1265 2015,1258 1948,1239 1946,1239 1944,1239 1845,1251 1757,1235 1755,1235 1753,1235 1751,1235 1751,1237 1737,1248 1730,1258 1691,1258 1672,1246 1649,1235 1647,1235 1645,1235 1642,1235 1617,1244 1596,1253 1585,1244 1583,1242 1580,1242 1578,1242 1576,1242 1560,1242 1497,1251 1486,1239 1481,1237 1481,1235 1479,1235 1477,1235 1474,1235 1472,1235 1456,1239 1424,1248 1385,1237 1350,1225 1348,1225 1346,1225 1304,1232 1304,1297"/>
        <Baseline points="1304,1297 2006,1301 2701,1331"/>
        <TextEquiv conf="0.9833360945477205">
          <Unicode>Nes ia de lanemy sy estes encantes</Unicode>
        </TextEquiv>
      </TextLine>

      
      
      <TextLine id="eSc_line_c5300336" custom="structure {type:default;}">
        <Coords points="1300,1384 1297,1414 1371,1416 1373,1416 1375,1416 1378,1416 1401,1400 1587,1421 1589,1421 1592,1421 1594,1421 1622,1403 1663,1403 1695,1419 1698,1419 1700,1419 1801,1412 1822,1428 1824,1428 1826,1428 1829,1428 1831,1428 1884,1409 1909,1426 1912,1426 1914,1426 1916,1426 1994,1412 2022,1432 2024,1432 2027,1432 2029,1432 2121,1414 2323,1419 2402,1444 2404,1444 2406,1444 2409,1444 2487,1426 2565,1449 2567,1449 2570,1449 2572,1449 2574,1449 2659,1430 2689,1449 2692,1449 2694,1449 2954,1458 2959,1437 2959,1382 2719,1377 2715,1373 2694,1354 2692,1354 2689,1354 2687,1354 2632,1363 2609,1345 2606,1345 2604,1345 2602,1345 2600,1345 2528,1366 2524,1366 2519,1363 2459,1340 2457,1340 2455,1340 2452,1340 2386,1359 2374,1361 2363,1359 2275,1336 2273,1336 2271,1336 2268,1336 2227,1354 2225,1354 2202,1334 2199,1334 2197,1334 2195,1334 2107,1340 2020,1329 2017,1329 2015,1329 1988,1343 1955,1327 1953,1327 1840,1327 1838,1327 1836,1327 1813,1338 1803,1343 1762,1336 1665,1320 1663,1320 1661,1320 1658,1320 1640,1331 1626,1340 1534,1343 1454,1343 1403,1322 1369,1311 1366,1311 1364,1311 1300,1317 1300,1384"/>
        <Baseline points="1300,1384 2273,1393 2959,1437"/>
        <TextEquiv conf="0.9882470309734345">
          <Unicode>Eue Ie uans ay pardu sen suy de souneres</Unicode>
        </TextEquiv>
      </TextLine>

      
      
      <TextLine id="eSc_line_a946c20d" custom="structure {type:default;}">
        <Coords points="1302,1469 1300,1494 1341,1504 1343,1504 1380,1497 1435,1485 1599,1499 1744,1513 1746,1513 1863,1511 1866,1511 1868,1511 1875,1504 1889,1494 2084,1494 2096,1508 2107,1517 2107,1520 2109,1520 2112,1520 2114,1520 2116,1520 2144,1508 2167,1499 2229,1511 2241,1511 2243,1511 2257,1511 2337,1501 2367,1511 2376,1515 2379,1515 2381,1515 2404,1513 2459,1504 2485,1513 2494,1517 2496,1517 2498,1517 2501,1517 2512,1513 2535,1506 2606,1515 2726,1531 2728,1531 2816,1517 2818,1504 2818,1449 2701,1449 2699,1444 2689,1437 2689,1435 2687,1435 2685,1435 2682,1435 2680,1435 2664,1444 2655,1435 2655,1432 2653,1432 2650,1432 2648,1432 2560,1442 2551,1442 2549,1442 2524,1421 2521,1421 2519,1421 2517,1421 2388,1437 2365,1439 2363,1437 2344,1419 2344,1416 2342,1416 2340,1416 2337,1416 2250,1430 2231,1416 2229,1416 2227,1416 2225,1416 2084,1423 2050,1412 2047,1412 2045,1412 2043,1412 2004,1428 1994,1432 1988,1428 1969,1412 1967,1412 1965,1412 1962,1412 1889,1423 1866,1407 1863,1407 1861,1407 1859,1407 1792,1423 1767,1428 1658,1428 1645,1419 1622,1405 1619,1405 1617,1405 1615,1405 1612,1405 1571,1416 1550,1423 1405,1414 1403,1414 1385,1398 1382,1398 1380,1398 1378,1398 1302,1409 1302,1469"/>
        <Baseline points="1302,1469 1631,1481 2284,1478 2818,1504"/>
        <TextEquiv conf="0.9673862311898208">
          <Unicode>Et aachomies ly rois est est auel airalos</Unicode>
        </TextEquiv>
      </TextLine>

      
      
      <TextLine id="eSc_line_74bc7762" custom="structure {type:default;}">
        <Coords points="1543,1557 1541,1580 1695,1582 1700,1584 1728,1600 1730,1600 1732,1600 1734,1600 1776,1586 1792,1582 1810,1589 1847,1603 1849,1603 1852,1603 1914,1591 1965,1582 1983,1593 2004,1607 2006,1607 2008,1607 2011,1607 2013,1607 2050,1596 2068,1589 2075,1596 2089,1607 2091,1607 2093,1607 2096,1607 2162,1600 2220,1612 2222,1614 2303,1614 2303,1612 2305,1612 2307,1612 2319,1603 2337,1591 2390,1591 2404,1605 2409,1607 2409,1609 2411,1609 2413,1609 2416,1609 2462,1607 2604,1596 2623,1612 2634,1621 2636,1621 2639,1621 2641,1621 2692,1614 2733,1607 2846,1616 2850,1591 2848,1540 2731,1540 2724,1536 2685,1511 2682,1511 2680,1511 2678,1511 2581,1527 2540,1506 2537,1506 2535,1506 2533,1506 2487,1522 2471,1508 2471,1506 2468,1506 2466,1506 2402,1504 2399,1504 2397,1504 2395,1504 2365,1524 2330,1501 2328,1501 2326,1501 2241,1501 2238,1501 2236,1501 2234,1501 2211,1520 2206,1524 2202,1520 2162,1499 2160,1499 2158,1499 2156,1499 2119,1517 2109,1522 2075,1517 2011,1506 2008,1506 2006,1506 1983,1513 1958,1522 1866,1511 1843,1508 1840,1508 1808,1508 1649,1515 1624,1504 1587,1485 1585,1485 1583,1485 1580,1485 1543,1499 1543,1557"/>
        <Baseline points="1543,1557 2390,1568 2850,1591"/>
        <TextEquiv conf="0.9874828878571006">
          <Unicode>uenus au Roy sy sest hault estries</Unicode>
        </TextEquiv>
      </TextLine>

      
      
      <TextLine id="eSc_line_f69384fa" custom="structure {type:default;}">
        <Coords points="2993,1609 2991,1609 2988,1609 2986,1609 2984,1609 2952,1621 2938,1626 2765,1623 2749,1616 2705,1600 2703,1600 2701,1600 2699,1600 2673,1614 2664,1619 2590,1619 2565,1612 2485,1593 2482,1593 2340,1605 2307,1607 2298,1605 2273,1593 2271,1593 2268,1593 2266,1593 2238,1603 2222,1607 2050,1605 2031,1598 1990,1582 1988,1582 1985,1582 1912,1593 1882,1598 1856,1591 1790,1575 1787,1575 1785,1575 1737,1584 1640,1573 1638,1573 1635,1573 1633,1573 1619,1584 1573,1570 1571,1570 1569,1570 1566,1570 1564,1570 1543,1584 1534,1589 1486,1582 1373,1566 1371,1566 1369,1566 1366,1566 1357,1575 1343,1563 1341,1563 1339,1563 1336,1563 1334,1563 1313,1573 1313,1628 1311,1644 1504,1662 1507,1662 1576,1655 1601,1653 1606,1655 1629,1672 1631,1672 1633,1672 1700,1676 1702,1676 1705,1676 1744,1662 1755,1658 1787,1662 1886,1681 1988,1683 1990,1683 1992,1683 1994,1683 2008,1672 2017,1665 2063,1674 2137,1688 2139,1688 2261,1681 2395,1674 2519,1690 2535,1692 2537,1692 2544,1692 2586,1683 2634,1695 2659,1701 2662,1701 2664,1701 2666,1701 2682,1697 2726,1683 2774,1701 2777,1701 2779,1701 2781,1701 2793,1701 2915,1690 2931,1704 2933,1704 2936,1704 3007,1708 3011,1676 3011,1637 2993,1609"/>
        <Baseline points="1313,1628 1610,1635 1909,1655 2404,1655 3011,1676"/>
        <TextEquiv conf="0.9856765766938528">
          <Unicode>quomis dest Est iy rois parmoy est comures</Unicode>
        </TextEquiv>
      </TextLine>

      
      
      <TextLine id="eSc_line_852397f5" custom="structure {type:default;}">
        <Coords points="1318,1706 1316,1720 1537,1727 1543,1729 1617,1750 1619,1750 1622,1750 1698,1736 1716,1734 1725,1738 1751,1750 1753,1750 1755,1750 1815,1741 1836,1738 1856,1743 1928,1759 2172,1766 2174,1766 2176,1766 2204,1757 2231,1747 2445,1752 2459,1766 2468,1773 2468,1775 2471,1775 2473,1775 2475,1775 2510,1768 2533,1764 2574,1770 2616,1777 2618,1777 2620,1777 2632,1773 2655,1761 2673,1775 2676,1777 2678,1777 2680,1777 2682,1777 2696,1775 2754,1764 3002,1787 3007,1759 3007,1713 2685,1683 2682,1683 2680,1683 2648,1701 2625,1681 2623,1681 2620,1681 2618,1681 2395,1685 2305,1672 2303,1672 2300,1672 2259,1688 2257,1690 2254,1688 2241,1678 2238,1678 2236,1678 2234,1678 2192,1688 2183,1688 2181,1685 2151,1667 2149,1667 2146,1667 2038,1665 2036,1665 2034,1665 2031,1665 2008,1681 2006,1683 1985,1681 1916,1669 1914,1669 1831,1676 1813,1676 1808,1674 1783,1658 1780,1658 1778,1658 1776,1658 1774,1658 1746,1672 1741,1674 1670,1674 1668,1669 1647,1653 1645,1653 1642,1653 1640,1653 1504,1665 1474,1667 1456,1665 1373,1644 1371,1644 1369,1644 1318,1658 1318,1706"/>
        <Baseline points="1318,1706 1914,1729 2517,1731 3007,1759"/>
        <TextEquiv conf="0.9565538701622985">
          <Unicode>Con corps de cle pequeur ne soies ant̃ reme</Unicode>
        </TextEquiv>
      </TextLine>

      
      
      <TextLine id="eSc_line_819cd8bb" custom="structure {type:default;}">
        <Coords points="1373,1791 1373,1812 1428,1810 1440,1816 1481,1842 1484,1842 1486,1842 1488,1842 1491,1842 1564,1819 1576,1816 1583,1821 1624,1842 1626,1842 1629,1842 1631,1842 1633,1842 1663,1823 1670,1819 1679,1823 1730,1846 1732,1846 1734,1846 1737,1846 1780,1828 1801,1819 1925,1819 1948,1833 1951,1833 1953,1833 1955,1833 1958,1833 2022,1826 2036,1835 2043,1842 2045,1842 2047,1842 2050,1842 2052,1842 2063,1837 2075,1830 2084,1837 2096,1849 2098,1849 2100,1849 2103,1849 2105,1849 2135,1839 2183,1823 2218,1839 2220,1839 2222,1839 2225,1839 2271,1826 2326,1842 2328,1842 2330,1842 2404,1830 2422,1844 2422,1846 2425,1846 2427,1846 2429,1846 2432,1846 2468,1830 2542,1830 2593,1856 2606,1862 2609,1862 2611,1862 2641,1858 2687,1846 2703,1860 2708,1862 2708,1865 2710,1865 2712,1865 2965,1867 2970,1805 2968,1766 2712,1750 2632,1750 2630,1750 2627,1750 2625,1750 2625,1752 2618,1757 2606,1768 2565,1754 2563,1754 2560,1754 2558,1754 2551,1754 2496,1766 2282,1750 2280,1750 1948,1757 1902,1738 1895,1736 1893,1736 1891,1736 1877,1738 1822,1752 1783,1736 1776,1734 1774,1734 1771,1734 1753,1736 1677,1745 1656,1734 1656,1731 1654,1731 1652,1731 1649,1731 1647,1731 1645,1731 1615,1745 1578,1731 1576,1731 1573,1731 1571,1731 1569,1731 1548,1750 1491,1750 1373,1727 1373,1791"/>
        <Baseline points="1373,1791 2722,1819 2970,1805"/>
        <TextEquiv conf="0.8728188024117396">
          <Unicode>t quil puist Reueit R connoistre ey pps</Unicode>
        </TextEquiv>
      </TextLine>

      
      
      <TextLine id="eSc_line_7debcf63" custom="structure {type:default;}">
        <Coords points="1316,1872 1313,1899 1564,1890 1589,1904 1596,1908 1599,1908 1601,1908 1603,1908 1631,1904 1698,1888 1711,1899 1714,1899 1716,1899 1718,1899 1863,1892 1882,1904 1884,1906 1886,1906 1889,1906 1891,1906 1907,1904 1962,1892 2013,1892 2034,1904 2054,1915 2057,1915 2059,1915 2114,1904 2149,1897 2197,1904 2229,1908 2231,1908 2282,1904 2335,1899 2342,1904 2363,1922 2365,1922 2367,1922 2369,1922 2489,1913 2606,1927 2609,1927 2726,1904 2728,1895 2726,1851 2452,1846 2452,1844 2436,1833 2434,1833 2432,1833 2429,1833 2372,1844 2369,1844 2349,1823 2349,1821 2346,1821 2344,1821 2268,1821 2266,1821 2264,1821 2261,1821 2238,1837 2218,1819 2215,1819 2213,1819 2165,1819 2162,1819 2160,1819 2158,1819 2158,1821 2135,1839 2022,1839 2022,1837 2001,1819 2001,1816 1999,1816 1997,1816 1962,1814 1872,1814 1870,1814 1868,1814 1866,1814 1838,1835 1780,1835 1711,1835 1709,1833 1682,1810 1679,1810 1677,1810 1675,1810 1672,1810 1670,1810 1638,1830 1599,1830 1578,1810 1578,1807 1576,1807 1573,1807 1571,1807 1569,1807 1507,1828 1451,1807 1449,1807 1447,1807 1445,1807 1403,1826 1336,1814 1334,1814 1332,1814 1316,1821 1316,1872"/>
        <Baseline points="1316,1872 1895,1874 2728,1895"/>
        <TextEquiv conf="0.9725028425455093">
          <Unicode>lls luy dont Ii fu ⁊ faisegordenes</Unicode>
        </TextEquiv>
      </TextLine>

      
      
      <TextLine id="eSc_line_0ccd51f2" custom="structure {type:default;}">
        <Coords points="1295,1936 1293,1952 1412,1966 1415,1966 1504,1957 1511,1957 1514,1957 1546,1980 1548,1980 1550,1980 1553,1982 1606,1982 1606,1980 1608,1980 1610,1980 1610,1977 1631,1959 1677,1980 1679,1980 1682,1980 1684,1980 1730,1961 1859,1961 1859,1964 1875,1975 1877,1975 1879,1975 1882,1975 1944,1964 1953,1964 1958,1964 2006,1987 2008,1987 2011,1987 2086,1973 2236,1991 2238,1991 2372,1980 2448,1994 2595,1996 2597,1996 2600,1996 2630,1984 2653,1998 2655,1998 2657,1998 2659,2000 2768,2000 2768,1998 2770,1998 2772,1998 2795,1980 2797,1966 2795,1920 2577,1904 2574,1904 2572,1904 2570,1904 2556,1915 2554,1915 2376,1915 2365,1911 2303,1892 2300,1892 2298,1892 2296,1892 2250,1908 2245,1911 2241,1908 2215,1895 2213,1895 2211,1895 2077,1906 2063,1906 2059,1906 2036,1888 2034,1888 2031,1888 1953,1885 1951,1885 1948,1885 1946,1885 1928,1899 1912,1885 1909,1885 1907,1885 1905,1885 1705,1892 1675,1881 1672,1881 1670,1881 1668,1881 1622,1897 1615,1902 1555,1902 1548,1897 1534,1885 1532,1885 1530,1885 1527,1885 1525,1885 1491,1895 1479,1897 1295,1892 1295,1936"/>
        <Baseline points="1295,1936 1859,1941 2162,1957 2797,1966"/>
        <TextEquiv conf="0.9822897010379368">
          <Unicode>Dout sest ly dables hors de sen corps srueres</Unicode>
        </TextEquiv>
      </TextLine>

      
      
      <TextLine id="eSc_line_7148fc85" custom="structure {type:default;}">
        <Coords points="1311,2026 1311,2060 1410,2056 1412,2056 1415,2056 1428,2042 1470,2060 1477,2063 1479,2063 1481,2063 1504,2060 1615,2044 1668,2058 1670,2058 1672,2058 1675,2058 1725,2044 1797,2056 1799,2056 2004,2046 2040,2056 2075,2067 2077,2067 2080,2067 2082,2067 2107,2056 2119,2051 2132,2056 2162,2067 2165,2067 2167,2067 2169,2067 2190,2056 2199,2051 2222,2056 2294,2070 2296,2070 2298,2070 2337,2056 2349,2051 2358,2053 2397,2070 2399,2070 2586,2072 2588,2072 2590,2072 2643,2056 2811,2067 2814,2067 2816,2067 2846,2051 2848,2035 2843,1973 2742,1991 2676,1975 2673,1975 2671,1975 2570,1991 2409,1971 2406,1971 2404,1971 2356,1989 2314,1973 2312,1973 2310,1973 2307,1973 2275,1989 2160,1989 2132,1968 2130,1968 2128,1968 2126,1968 2123,1968 2066,1987 2027,1973 2024,1973 2022,1973 1872,1980 1852,1966 1849,1966 1847,1966 1845,1966 1647,1982 1624,1964 1622,1964 1619,1964 1617,1964 1615,1964 1560,1982 1509,1964 1507,1964 1504,1964 1502,1964 1468,1982 1398,1961 1396,1961 1311,1961 1311,2026"/>
        <Baseline points="1311,2026 1960,2023 2540,2042 2848,2035"/>
        <TextEquiv conf="0.9903429433703422">
          <Unicode>Et par une fumnere sen est ly uens benes</Unicode>
        </TextEquiv>
      </TextLine>

      
      
      <TextLine id="eSc_line_e2c96b3f" custom="structure {type:default;}">
        <Coords points="1389,2134 1831,2127 1879,2139 1889,2141 1891,2141 1893,2143 1978,2143 1978,2141 1981,2141 1983,2141 1983,2139 1994,2129 2036,2139 2045,2141 2047,2141 2061,2141 2132,2129 2243,2129 2266,2141 2273,2143 2275,2143 2277,2143 2326,2141 2462,2132 2473,2141 2475,2143 2478,2143 2480,2143 2482,2143 2485,2143 2489,2141 2510,2132 2712,2141 2717,2113 2715,2063 2662,2051 2659,2051 2657,2051 2655,2051 2643,2060 2630,2072 2432,2072 2404,2060 2397,2058 2395,2058 2393,2058 2390,2058 2383,2060 2351,2070 2326,2060 2321,2058 2319,2058 2317,2058 2314,2058 2310,2060 2275,2070 2172,2067 2160,2058 2146,2049 2144,2049 2142,2049 2139,2049 2004,2058 1914,2063 1902,2056 1891,2049 1889,2049 1886,2049 1884,2049 1882,2049 1861,2056 1833,2067 1771,2056 1764,2056 1762,2056 1760,2056 1757,2056 1732,2065 1705,2056 1679,2046 1677,2046 1675,2046 1672,2046 1670,2046 1661,2056 1649,2065 1417,2065 1396,2053 1392,2106 1389,2134"/>
        <Baseline points="1392,2106 2717,2113"/>
        <TextEquiv conf="0.9922854990670176">
          <Unicode>t menatel oraidt sy auemis mortes</Unicode>
        </TextEquiv>
      </TextLine>

      
      
      <TextLine id="eSc_line_d7da666c" custom="structure {type:default;}">
        <Coords points="1295,2185 1293,2205 1332,2217 1334,2217 1336,2217 1339,2217 1369,2208 1387,2201 1401,2208 1424,2219 1426,2219 1428,2219 1486,2208 1511,2203 1530,2208 1566,2221 1569,2221 1571,2221 1573,2221 1576,2221 1592,2210 1596,2205 1603,2210 1633,2224 1635,2224 1638,2224 1640,2224 1642,2224 1663,2210 1670,2205 1682,2210 1718,2224 1721,2224 1723,2224 1783,2210 1808,2205 1817,2210 1843,2226 1845,2226 1847,2226 1849,2226 2031,2212 2077,2210 2100,2212 2190,2231 2192,2231 2326,2214 2356,2212 2363,2214 2383,2233 2386,2233 2388,2233 2390,2233 2393,2233 2422,2217 2427,2214 2510,2214 2510,2217 2524,2228 2524,2231 2526,2231 2528,2231 2531,2231 2533,2231 2567,2217 2570,2194 2570,2148 2531,2134 2528,2134 2526,2134 2524,2134 2521,2134 2521,2136 2510,2145 2510,2148 2413,2148 2406,2143 2372,2127 2369,2127 2367,2127 2365,2127 2319,2141 2305,2145 2192,2145 2181,2136 2160,2122 2158,2122 2156,2122 2153,2122 2103,2125 2100,2125 2098,2125 2098,2127 2089,2134 2084,2141 2073,2134 2050,2122 2047,2122 2045,2122 1958,2132 1877,2139 1817,2127 1769,2118 1767,2118 1723,2125 1665,2134 1638,2122 1624,2116 1622,2116 1548,2116 1546,2116 1543,2116 1534,2120 1504,2134 1373,2118 1371,2118 1369,2118 1339,2132 1295,2113 1295,2185"/>
        <Baseline points="1295,2185 1762,2175 2570,2194"/>
        <TextEquiv conf="0.9239134674563128">
          <Unicode>Eue casan sargm sest aIeuons ietes</Unicode>
        </TextEquiv>
      </TextLine>

      
      
      <TextLine id="eSc_line_8186ca8d" custom="structure {type:default;}">
        <Coords points="1293,2267 1290,2279 1431,2277 1440,2286 1447,2290 1447,2293 1449,2293 1451,2293 1454,2295 1502,2295 1502,2293 1504,2293 1523,2288 1564,2277 1661,2290 1693,2295 1695,2295 1718,2293 1783,2281 1840,2295 1854,2297 1856,2297 1859,2297 1861,2297 1861,2295 1875,2283 1921,2283 1942,2297 1946,2302 1948,2302 1951,2302 1953,2302 1955,2302 1958,2302 1962,2297 1978,2286 2284,2302 2287,2302 2289,2302 2335,2290 2372,2306 2376,2309 2379,2309 2590,2311 2595,2286 2595,2237 2402,2237 2395,2233 2379,2219 2376,2219 2374,2219 2372,2219 2271,2228 2225,2233 2211,2228 2188,2217 2185,2217 2183,2217 2142,2226 2121,2231 2107,2226 2077,2212 2075,2212 2073,2212 1997,2224 1955,2228 1935,2221 1902,2210 1900,2210 1898,2210 1836,2219 1803,2224 1797,2219 1783,2208 1780,2208 1778,2208 1776,2208 1721,2217 1714,2217 1707,2217 1656,2205 1654,2205 1652,2205 1626,2214 1612,2219 1569,2212 1502,2203 1500,2203 1497,2203 1479,2210 1458,2219 1438,2210 1415,2201 1412,2201 1410,2201 1408,2201 1385,2208 1362,2217 1293,2208 1293,2267"/>
        <Baseline points="1293,2267 1831,2260 2595,2286"/>
        <TextEquiv conf="0.9859890180665094">
          <Unicode>Et ꝯ dieiesouuerain ogtries et donnes</Unicode>
        </TextEquiv>
      </TextLine>

      
      
      <TextLine id="eSc_line_0c074e1a" custom="structure {type:default;}">
        <Coords points="2947,2336 2887,2336 2871,2320 2869,2320 2867,2320 2864,2320 2774,2329 2751,2311 2749,2311 2747,2311 2692,2309 2689,2309 2687,2309 2630,2325 2567,2304 2565,2304 2563,2304 2560,2304 2501,2320 2471,2302 2468,2302 2466,2302 2464,2302 2462,2302 2459,2302 2434,2318 2243,2293 2241,2293 2238,2293 2192,2309 2167,2293 2165,2293 2162,2293 2160,2293 2158,2293 2114,2306 2024,2288 2022,2288 2020,2288 2001,2297 1990,2286 1990,2283 1988,2283 1985,2283 1909,2281 1907,2281 1905,2281 1861,2297 1813,2279 1810,2279 1808,2279 1670,2290 1668,2290 1665,2290 1569,2270 1566,2270 1564,2270 1562,2270 1546,2286 1491,2286 1491,2334 1488,2359 1626,2357 1677,2366 1693,2369 1695,2369 1709,2366 1780,2352 1946,2355 1958,2366 1958,2369 1960,2369 1962,2369 1965,2369 1967,2369 1969,2369 1983,2357 2017,2373 2031,2378 2034,2378 2036,2378 2038,2378 2047,2373 2066,2364 2080,2373 2093,2385 2096,2385 2098,2385 2100,2385 2165,2375 2225,2366 2236,2375 2243,2382 2243,2385 2245,2385 2248,2385 2250,2385 2252,2385 2271,2378 2280,2373 2289,2378 2314,2392 2317,2392 2319,2392 2321,2392 2346,2378 2353,2375 2360,2378 2379,2387 2381,2387 2383,2387 2386,2387 2404,2380 2416,2375 2420,2380 2443,2398 2445,2398 2448,2398 2450,2398 2535,2382 2560,2378 2581,2382 2627,2396 2630,2396 2632,2396 2678,2392 2699,2408 2701,2408 2703,2408 2705,2408 2708,2408 2758,2396 2885,2415 2887,2415 2890,2415 2949,2389 2952,2380 2949,2339 2947,2336"/>
        <Baseline points="1491,2334 1978,2339 2952,2380"/>
        <TextEquiv conf="0.9866599068045616">
          <Unicode>achueur aacel tamps dot Ie uoulz seursie</Unicode>
        </TextEquiv>
      </TextLine>

      
      
      <TextLine id="eSc_line_fd5345e6" custom="structure {type:default;}">
        <Coords points="1410,2419 1408,2447 1523,2451 1525,2451 1527,2451 1617,2435 1658,2456 1661,2456 1663,2456 1665,2456 1721,2433 1829,2454 1831,2454 1921,2440 2073,2461 2075,2461 2077,2461 2107,2449 2445,2456 2505,2479 2508,2479 2510,2479 2572,2474 2581,2486 2583,2486 2583,2488 2586,2488 2588,2488 2590,2488 2593,2488 2595,2488 2639,2477 2653,2488 2653,2490 2655,2490 2657,2490 2975,2500 2979,2470 2979,2419 2742,2412 2738,2410 2712,2392 2710,2392 2708,2392 2705,2392 2600,2403 2581,2405 2551,2403 2386,2382 2383,2382 2298,2389 2185,2371 2183,2371 2084,2380 2036,2366 2034,2366 2031,2366 2029,2366 2027,2366 2011,2378 1992,2364 1990,2364 1988,2364 1852,2359 1849,2359 1847,2359 1806,2375 1803,2375 1764,2357 1762,2357 1760,2357 1757,2357 1714,2369 1661,2355 1658,2355 1656,2355 1654,2355 1619,2369 1612,2371 1606,2369 1578,2355 1576,2355 1573,2355 1571,2355 1546,2366 1539,2369 1537,2366 1520,2350 1520,2348 1518,2348 1516,2348 1514,2348 1410,2359 1410,2419"/>
        <Baseline points="1410,2419 2128,2419 2979,2470"/>
        <TextEquiv conf="0.962169082214435">
          <Unicode>ilueuoit tous les iours mainte oeuure srignioire</Unicode>
        </TextEquiv>
      </TextLine>

      
      
      <TextLine id="eSc_line_45908911" custom="structure {type:default;}">
        <Coords points="1281,2516 1279,2532 1300,2541 1302,2541 1304,2541 1306,2541 1309,2541 1309,2539 1318,2532 1325,2527 1334,2532 1343,2541 1346,2541 1348,2541 1405,2543 1408,2543 1410,2543 1447,2534 1481,2525 1507,2534 1523,2541 1525,2541 1527,2541 1571,2534 1622,2527 1654,2536 1672,2541 1675,2541 1677,2541 1721,2536 1817,2525 1886,2527 1900,2539 1912,2548 1914,2548 1916,2548 1919,2548 1921,2548 1942,2539 1965,2527 2112,2527 2146,2541 2176,2550 2179,2550 2181,2550 2227,2541 2273,2532 2335,2541 2376,2548 2379,2548 2381,2548 2395,2543 2418,2532 2434,2543 2448,2553 2450,2553 2452,2553 2455,2555 2560,2555 2560,2553 2563,2553 2565,2553 2574,2543 2579,2541 2595,2543 2659,2557 2662,2557 2869,2546 2871,2534 2871,2488 2588,2472 2586,2472 2510,2479 2473,2481 2455,2477 2390,2461 2388,2461 2386,2461 2383,2461 2333,2474 2330,2474 2328,2474 2231,2451 2229,2451 2160,2461 1810,2447 1808,2447 1744,2461 1702,2470 1633,2458 1601,2454 1599,2454 1596,2454 1594,2454 1589,2458 1566,2472 1470,2472 1440,2456 1438,2456 1435,2456 1433,2456 1405,2470 1380,2454 1369,2444 1366,2444 1364,2444 1362,2444 1281,2449 1281,2516"/>
        <Baseline points="1281,2516 2093,2502 2871,2534"/>
        <TextEquiv conf="0.9742243751883507">
          <Unicode>Ear anemis Rengnoit en aout mante partie</Unicode>
        </TextEquiv>
      </TextLine>

      
      
      <TextLine id="eSc_line_1b39b4d9" custom="structure {type:default;}">
        <Coords points="1295,2605 1295,2615 1440,2631 1442,2631 1445,2631 1495,2615 1530,2605 1583,2615 1668,2631 1670,2631 1672,2631 1675,2631 1698,2615 1707,2608 1748,2608 1774,2615 1831,2631 1833,2631 1836,2631 1838,2631 1875,2615 1893,2605 2337,2605 2353,2612 2393,2631 2395,2631 2397,2631 2399,2631 2402,2631 2429,2612 2434,2610 2443,2612 2478,2622 2480,2622 2482,2622 2485,2622 2521,2612 2547,2605 2565,2612 2609,2628 2611,2628 2788,2631 2791,2631 2890,2610 2890,2605 2887,2555 2772,2543 2770,2543 2544,2555 2524,2555 2519,2555 2422,2530 2420,2530 2418,2530 2241,2541 2167,2530 2165,2530 2162,2530 2135,2543 2116,2530 2114,2530 2112,2530 1965,2530 1962,2530 1960,2530 1932,2543 1838,2530 1836,2530 1757,2532 1755,2532 1753,2532 1721,2555 1661,2530 1658,2530 1656,2530 1654,2530 1652,2530 1635,2543 1576,2532 1573,2532 1571,2532 1569,2532 1543,2555 1449,2555 1389,2534 1387,2534 1385,2534 1382,2534 1293,2557 1295,2605"/>
        <Baseline points="1295,2605 2135,2582 2890,2605"/>
        <TextEquiv conf="0.9832230554686652">
          <Unicode>Adont nest trestientes de uieus fort grancgie</Unicode>
        </TextEquiv>
      </TextLine>

      
      
      <TextLine id="eSc_line_b0c80846" custom="structure {type:default;}">
        <Coords points="1318,2688 1318,2695 1419,2711 1421,2711 1424,2711 1465,2695 1474,2693 1477,2695 1491,2707 1491,2709 1493,2709 1495,2709 1497,2709 1564,2695 1603,2686 1808,2686 1826,2695 1840,2704 1843,2704 1845,2704 1847,2704 1849,2704 1875,2695 1907,2684 2008,2695 2020,2695 2022,2695 2031,2695 2126,2681 2162,2695 2183,2702 2185,2702 2188,2702 2190,2702 2211,2695 2250,2679 2307,2679 2333,2695 2340,2700 2342,2700 2344,2700 2346,2702 2420,2702 2420,2700 2422,2700 2443,2693 2501,2677 2531,2693 2535,2697 2537,2697 2540,2697 2542,2697 2761,2695 2763,2695 2765,2695 2765,2693 2774,2684 2797,2693 2804,2665 2800,2617 2664,2617 2659,2617 2604,2603 2602,2603 2600,2603 2597,2603 2579,2612 2567,2601 2567,2599 2565,2599 2563,2599 2512,2599 2510,2599 2508,2599 2505,2599 2478,2619 2475,2619 2452,2608 2450,2608 2448,2608 2268,2619 2234,2622 2227,2619 2176,2603 2174,2603 2172,2603 2084,2617 1879,2605 1877,2605 1875,2605 1824,2624 1822,2624 1820,2624 1771,2608 1769,2608 1767,2608 1764,2608 1762,2608 1737,2624 1732,2626 1714,2624 1629,2612 1626,2612 1624,2612 1622,2612 1603,2626 1594,2631 1576,2626 1520,2610 1518,2610 1516,2610 1514,2610 1511,2610 1511,2612 1495,2626 1486,2635 1403,2635 1387,2626 1364,2617 1362,2617 1359,2617 1316,2626 1318,2688"/>
        <Baseline points="1318,2688 1976,2658 2804,2665"/>
        <TextEquiv conf="0.9823319898410277">
          <Unicode>Far le terre de gaes nestoit point ualptisie</Unicode>
        </TextEquiv>
      </TextLine>

      
      
      <TextLine id="eSc_line_66062350" custom="structure {type:default;}">
        <Coords points="1290,2766 1290,2785 1481,2789 1484,2789 1486,2789 1488,2789 1495,2783 1507,2776 1543,2783 1571,2787 1573,2787 1576,2787 1589,2783 1626,2764 1748,2764 1762,2776 1764,2776 1767,2776 1769,2776 1771,2776 1813,2762 1826,2773 1829,2773 1831,2773 1833,2773 1976,2762 1994,2776 1997,2776 1999,2776 2001,2776 2004,2776 2006,2776 2027,2762 2047,2773 2050,2773 2052,2773 2054,2773 2105,2760 2130,2773 2142,2783 2144,2783 2146,2783 2149,2785 2220,2785 2220,2783 2222,2783 2252,2773 2284,2762 2314,2771 2342,2780 2344,2780 2346,2780 2457,2769 2597,2755 2627,2766 2655,2778 2657,2778 2659,2780 2809,2780 2809,2778 2811,2778 2814,2778 2832,2766 2832,2746 2830,2700 2719,2700 2687,2684 2685,2684 2682,2684 2680,2684 2678,2684 2659,2697 2579,2686 2577,2686 2457,2700 2450,2700 2448,2700 2388,2681 2386,2681 2383,2681 2381,2681 2379,2681 2360,2697 2303,2684 2300,2684 2298,2684 2296,2684 2257,2700 2254,2702 2250,2700 2211,2684 2208,2684 2077,2684 2075,2684 2073,2684 2070,2684 2050,2702 2047,2702 2027,2702 1845,2686 1843,2686 1840,2686 1813,2702 1808,2704 1732,2707 1705,2702 1635,2688 1578,2688 1576,2688 1573,2688 1571,2688 1571,2691 1557,2702 1553,2707 1548,2702 1530,2691 1527,2691 1525,2691 1523,2691 1520,2691 1493,2702 1479,2711 1408,2711 1394,2702 1366,2691 1364,2691 1362,2691 1288,2702 1290,2766"/>
        <Baseline points="1290,2766 1898,2741 2832,2746"/>
        <TextEquiv conf="0.9929318458606036">
          <Unicode>Oques lyauomis en rengnoit par maistrie</Unicode>
        </TextEquiv>
      </TextLine>

      
      
      <TextLine id="eSc_line_cb97989a" custom="structure {type:default;}">
        <Coords points="1277,2852 1277,2868 1548,2877 1550,2877 1615,2863 1668,2852 1734,2861 1790,2868 1792,2868 1794,2868 1797,2868 1808,2858 1829,2847 1948,2847 1978,2856 2015,2868 2017,2868 2020,2868 2022,2868 2052,2854 2077,2842 2208,2842 2225,2852 2227,2854 2229,2854 2231,2854 2234,2854 2236,2854 2238,2854 2241,2852 2252,2840 2271,2852 2291,2861 2294,2861 2296,2861 2298,2861 2326,2849 2353,2840 2418,2849 2514,2861 2517,2861 2519,2861 2521,2861 2521,2858 2535,2847 2537,2845 2547,2847 2613,2858 2616,2858 2618,2858 2646,2845 2657,2838 2694,2842 2696,2829 2692,2780 2468,2783 2466,2783 2406,2762 2404,2762 2402,2762 2399,2762 2397,2762 2367,2785 2365,2785 2307,2766 2305,2766 2303,2766 2300,2766 2298,2766 2271,2787 2181,2787 2116,2766 2114,2766 2112,2766 2109,2766 2068,2778 2057,2769 2057,2766 2054,2766 2052,2766 1960,2766 1958,2766 1955,2766 1953,2766 1914,2792 1882,2773 1879,2773 1877,2773 1822,2783 1746,2771 1744,2771 1668,2787 1652,2773 1649,2773 1647,2773 1546,2773 1543,2773 1408,2801 1405,2801 1403,2801 1320,2778 1318,2778 1316,2778 1313,2778 1311,2778 1274,2796 1277,2852"/>
        <Baseline points="1277,2852 2001,2824 2696,2829"/>
        <TextEquiv conf="0.9913912776269411">
          <Unicode>Mes ly ris cloeuis qui tant ot bardine</Unicode>
        </TextEquiv>
      </TextLine>

      
      
      <TextLine id="eSc_line_34b1054a" custom="structure {type:default;}">
        <Coords points="1270,2937 1270,2950 1366,2950 1412,2966 1415,2966 1417,2966 1511,2953 1553,2969 1555,2969 1557,2969 1560,2969 1619,2953 1658,2964 1661,2964 1663,2964 1665,2964 1668,2964 1682,2950 1744,2969 1746,2969 1748,2969 1822,2953 1912,2969 1914,2969 1916,2969 1919,2969 1944,2950 1946,2950 2043,2950 2047,2950 2068,2964 2070,2964 2073,2964 2075,2964 2077,2964 2112,2950 2116,2950 2280,2950 2291,2953 2365,2969 2367,2971 2816,2971 2816,2969 2818,2969 2864,2953 2864,2930 2862,2891 2742,2863 2740,2863 2738,2863 2689,2884 2669,2870 2666,2870 2664,2870 2662,2870 2659,2870 2597,2888 2452,2875 2450,2875 2448,2875 2399,2888 2381,2877 2379,2877 2376,2877 2374,2877 2372,2877 2351,2886 2314,2863 2312,2863 2310,2863 2307,2863 2135,2865 2132,2865 2068,2884 2031,2865 2029,2865 1893,2863 1891,2863 1889,2863 1886,2863 1852,2884 1803,2863 1801,2863 1799,2863 1672,2879 1647,2863 1645,2863 1642,2863 1560,2863 1557,2863 1555,2863 1509,2888 1488,2879 1486,2879 1484,2879 1267,2891 1270,2937"/>
        <Baseline points="1270,2937 1877,2923 2864,2930"/>
        <TextEquiv conf="0.970573624397846">
          <Unicode>Dinit asses tost a pres ychreip quoy que on die</Unicode>
        </TextEquiv>
      </TextLine>

      
      
      <TextLine id="eSc_line_3f0bb96e" custom="structure {type:default;}">
        <Coords points="1288,3012 1293,3065 1306,3056 1346,3065 1408,3077 1410,3077 1412,3077 1415,3077 1431,3063 1465,3038 1645,3038 1688,3061 1716,3075 1718,3075 1721,3077 1861,3077 1861,3075 1863,3075 1905,3056 1958,3033 2020,3033 2057,3045 2059,3045 2061,3045 2158,3038 2185,3054 2208,3068 2211,3068 2213,3068 2271,3072 2273,3072 2487,3063 2489,3063 2491,3063 2508,3049 2531,3033 2609,3047 2623,3049 2625,3049 2627,3049 2630,3049 2632,3047 2659,3031 2751,3045 2754,3003 2749,2964 2588,2964 2574,2950 2574,2948 2572,2948 2570,2948 2567,2948 2388,2962 2349,2941 2346,2941 2234,2941 2231,2941 2229,2941 2227,2941 2204,2955 2158,2941 2156,2941 2153,2941 2151,2941 2103,2964 2100,2964 2096,2964 2006,2944 1930,2944 1928,2944 1925,2944 1891,2960 1806,2944 1803,2944 1801,2944 1799,2944 1774,2964 1769,2966 1767,2964 1739,2944 1737,2944 1734,2944 1732,2944 1730,2944 1668,2964 1649,2969 1631,2964 1587,2950 1585,2950 1583,2950 1580,2950 1553,2964 1541,2969 1491,2964 1408,2955 1405,2955 1403,2955 1369,2964 1352,2969 1346,2964 1327,2948 1327,2946 1325,2946 1323,2946 1320,2946 1318,2946 1286,2960 1288,3012"/>
        <Baseline points="1288,3012 2754,3003"/>
        <TextEquiv conf="0.9573072638267126">
          <Unicode>Exancha lu loy dieu le fil sainte marie</Unicode>
        </TextEquiv>
      </TextLine>

      
    </TextRegion>
    
    <TextRegion id="eSc_textblock_9da554a0"  custom="structure {type:text;}">
      <Coords points="1205,2465 1228,2500 1175,2518 1166,2484 1205,2465"/>
      
    </TextRegion>
    

    
  </Page>
</PcGts>
