3104 4140
1608 747 3032 862 stes uoꝰ. pas mis peres pour dieit uoꝰ enquon
1435 809 2653 894 Nemedist ly hermites qui felis ot non
1518 864 2791 956 t qui esply miens peres fire che dist lions
1509 919 2747 1005 e ne scras dist felil la sont grant muarison
1470 963 2662 1041 De leullie sont. uestu al doy li ualeton
1477 1016 2784 1110 Ines scachies quil estoient Tresbel dansellen
1530 1076 2754 1168 t bras estoit uiuañt en geant de uation
1456 1131 2648 1221 Mnes lions auoit fait un arc ⁊ un borion
1514 1198 2687 1285 s lieures ou coumus esqriuor ou fauchon
1516 1244 2680 1338 raioit trestoute iour a forche et abandon
1504 1290 2763 1400 et puis se les ausoit e en .un feu de carbon
1518 1352 2825 1467 out sant ain et saus sel en menctoit a fuisson
1504 1419 2556 1522 ar ne pouoit iuuer en auille saisen
1537 1478 2747 1573 onte iour ua cathant apries le ueuisson
1608 1538 2788 1630 das ly uous estoit tousiour en le maison
1502 1591 2860 1708 oute qour il dissoit tpour dien mainte orison
2289 1639 2399 1713 uell
1470 1676 2556 1768 sermite len aprout mainte bollichon
1470 1731 2848 1833 Ieuz creauchi. et leur foy ppartri bõm diuision
1454 1784 2673 1881 Et lyous par le bos ua tachant arandor
1504 1839 2728 1938 et quant il a un leure se fait Rregrarison
1557 1895 2558 1991 l dourleriite et uars l dausellon
1417 1945 2774 2053 Nres̾ nr uoloit mongier le gentil enfanchon
1297 2056 2602 2143 uous etldue mengog fyrs charet ueuison
1509 2007 2754 2102 mengurit atichinus et du friutabaudon
1493 2118 2694 2196 iul Rrotissoit moust bien a uirfu d carben
1463 2162 2616 2240 Et se le tourne ou fu lenfea un uaston
1449 2217 2685 2304 t puis escrie a lo aultres re drdes uo lichon
1578 2265 2655 2357 se mencoes uoi põmes cest uodeuision
1537 2318 2489 2408 le char mengeray asses ⁊ afoison
1458 2366 2558 2472 ion dist ly hermites qu nas discresion
1410 2431 2722 2525 ue nulle uolente se ust de mencher non
1486 2481 2747 2580 iufs naquierton mie des chreupx le mansion
1435 2532 2655 2642 dire che dist lon dieix me faclurpedo
1447 2585 2795 2702 Dunx prendera engret syl plest morison
1431 2654 2646 2753 Cax iuuer ne poroie pat ne sanst. occoison
1576 2709 2802 2799 pre che dist b ons que tang ot dõneranchi
1534 2766 2848 2852 e ne poroie uiule de telle gomuenanche
1440 2810 2885 2907 gue nous aues aprius amaictenir denfauche
1472 2870 2906 2969 e failt que de le char ayeqlamne me panchr
1463 2927 3000 3015 a hlus quier que Ie faiche anchois cuitre penanchr
1463 2985 2797 3056 eusemunt dist nous ale clere samb lanche
1426 3026 2834 3137 puians furrnt ⁊ ou bos en y celle ordennche
