3104 4140
253 641 1502 742 Due se court fust sy uien a cheluy pur garne
271 694 1580 807 due cascuus fustt seruit̾ pargrande seignourie
260 749 1196 860 afele uenisson cinte et aprirella
243 802 1366 917 Eapous Rostis paons et le sausse iolie
213 850 1366 977 Sil en ensteu degens .ii. tant abne fie
204 917 1219 1037 Een euist encascunsadont se partir
269 968 1256 1090 Et martuis que estoit a le boitilerie
257 1014 1403 1131 Duant le uiande ueit que fut a pareilli
285 1055 1504 1191 en le Rue est uenus et as pouros genstrie
218 1166 260 1242 E
292 1150 885 1230 eggnemr uenerauant
922 1101 1550 1205 pour dieu le sil marie
289 1177 1332 1301 ⁊ a ra ale court sy grande mengerie
285 1223 1481 1352 dion pories auoir fan amequille fut fenie
299 1278 1511 1391 t pour che uoeul quainchois enayers uo partie
283 1331 1306 1439 Dont peuissies ueoir une grant edurezie
299 1375 1412 1497 ne che fuist uneos qua dont fust estoͬnee
296 1462 1189 1568 iriselt fu apoirs ale sale uantie
315 1506 1507 1630 remestres deuant et perchul le maisme
1479 1540 1764 1678 seignar
292 1566 1431 1672 Qua le court acouroit tout ensy quaragi
312 1612 1456 1727 dout se ua ssongant de dieu le sil marie
418 1669 1300 1768 risse fu apoies a le sremestre lee
444 1720 1569 1830 et perchoir acourir poure gent desrare
260 1766 1764 1892 Pour Recheuoir laumosme que pour dieu ert dõnee
289 1833 1431 1927 arslieuesque iautoit le meise la iournee
255 1876 1629 1971 Pour lamourdes uarons que tant ongrrendine
278 1925 1502 2028 Grisses se Reccarda uers le porte alentree
276 1989 1438 2065 oit elamne acouroz que fust esmõguõuer
280 2030 1449 2134 t quant brisse le uoit sale coulecer muee
276 2074 1654 2182 Dour le urac quil auoit ia porte mainte iouruee
379 2113 1670 2237 ist au cuer moult mai quant uit le uellenee
262 2173 1410 2274 Due nauoit cuue main se queurt ale dome
278 2205 1594 2355 urisse Perchoit mout bien ou elle est ariesee
264 2277 1456 2389 oul uaquerre martun ale chiere me bree
278 2336 1265 2467 le fremestre droit lyafait escriee
301 2428 586 2557 frore che
605 2389 1530 2502 adit urisse ale chiere seuee
283 2511 524 2589 ueistu
589 2454 1576 2569 la che mur une famne asfolee
492 2516 1514 2619 pry et requier frere se il tatree
253 2569 1580 2674 Eue de Rresbõne part soit paiee fs et doure
264 2631 1617 2737 Et que glys ly donnes et pain et char salee
296 2684 1442 2789 Qua pe ⁊sons qui soit .en ialle assamnblee
257 2730 1537 2842 Elle na cuue main sy est moult ygaree
255 2785 1520 2891 Et se croyque no mere est ainsy atoaruer
264 2847 1596 2941 Oy que au non no mere quelane soit sauuee
260 2893 1668 3035 Uous pri que celle lasse soit quy Rsconsortie
