3104 4140
225 671 1599 809 Non pour quant iay uise q uous heobegera
209 761 1417 857 Par tel condission qualer uous couuerra
216 802 1463 913 Ale court larflieuesque un ausmõmer ya
379 860 1764 961 l uous uoit affoler moult de hiens uoua fera
207 929 1454 1014 Ines se uiens yaues mon corpa y partira
213 954 1583 1074 Ie locroy dist elame que tourement ꝑ loura
264 1005 1527 1117 las gestoit sel freux quen sescotes porta
225 1064 1477 1179 adont le belle elame en le maison entra
232 1122 1511 1228 Euant elle su entrir bos un fu aegarda
211 1173 1497 1294 Cahus et esteueles bien trente en aisa
218 1237 1592 1357 Qui tout se deiisoient de marti qui leur a
223 1301 1359 1400 ffaite celle donee que cascuirraporra
308 1345 1553 1446 t pain et char et unn aplente beir dẽna
225 1412 1594 1508 Eet dist ly uus alautre ban ausncõmer chya
227 1467 1585 1573 Penis soient hrflaus qui ix mois le porta
211 1531 1684 1632 Caronques mais sy large enche pais nentra
209 1593 1748 1683 Mes Ie me doubre moult quant ly uesques sara
213 1642 1672 1747 Euainsy partist ses biens congiet il pedonra
230 1701 1661 1803 nous serons bienperdu cardion sysen Reua
236 1766 1394 1858 Ensement de martin cascunlise demsa
218 1816 1612 1918 Il uout le uii canffant candifner lour adna
232 1888 1396 1973 Blaine passe auant et se les salua
264 1959 299 2021 9
372 1929 1497 2026 uous une esteuaile qui hault ly escria
243 1991 1553 2081 Belle cor uenes uoue Ie uous cõuois piesha
236 2051 1624 2136 Auantel en bretaig ne aues mes lont tampra
241 2111 1504 2205 dien estelariuee dir martuis uous doura
250 2182 1580 2272 õmõne largement quant telle uous uerra
253 2242 1580 2325 Pous serar men aune norches enfeconr ia
239 2320 1705 2389 Mouu̾ naues cune main et mon corpt̾ curpietna
211 2355 1435 2444 peme uint en aduis belle paire yara
218 2417 1348 2497 Quant elaure loy teurement sougra
218 2474 1396 2559 Oy adit soiement que mis ne lesconta
207 2520 1433 2608 He chy poure Romne. Ihũs qui toutirea
243 2571 1677 2670 hie ueulle poue poururis mon corps mestier ena
239 2626 1465 2732 asses iont. s truant le bille, asir sen ua
223 2688 1438 2783 Ou elle ueulle ou non enũs le feuala
236 2764 273 2835 T
312 2743 1520 2842 ly doune une brube et elle le menga
239 2803 1396 2900 quenques les coquinb le goine soupa
213 2861 1601 2960 Pour clequod uel uiare cascuin le cõuoita
223 2921 1649 3024 Non pourquont au matin souuent sy mascura
253 2976 1555 3086 Merr la ot un coquin qui fooment li prossa
