3104 4140
1196 982 2676 1106 Iamais ne me Rcront en leur assamblaẽt
1210 1058 2503 1156 Sy faitriẽt disoit le roun au corps gen
1256 1090 2630 1216 tly uous archeuesquis cheuancha lement
1210 1147 2613 1278 Te mame les ni fieux henr quy tant despont
1304 1205 2489 1324 archeuesque cheuaache bamere aesploir
1297 1244 2657 1380 uere flandres droitement a se uoie a cuellu
1235 1297 2653 1439 ne scay que uous en fust le canthon Ralongie
1283 1384 2397 1485 aut a la larcheuesque ese cheualerie
1219 1419 2613 1547 Euil uinrent a tournay qui siet en piirdie
1228 1501 2381 1614 en demain au matui entra ly ost banie
1336 1538 2613 1662 le terre de flandres quanthomeot bruie
1249 1584 2639 1720 lu sie ge auruges uiurent qui bien fu batilie
1283 1635 2818 1770 uant ly uourtois authoures ale nouuelleoye
1274 1708 2427 1821 ue largheuesque uint atelle barõnte
1265 1773 2510 1883 donques est montee au destrier de surie
1260 1826 2542 1936 n contre larcheuisque a se uoie a cuollie
1260 1879 2577 1996 y costquil uit marim qui fut de sa lignie
1302 1941 2374 2044 le uaacoler douchemẽt le fegie
1260 1989 2491 2111 t brisses le uaisa qui teurement larmie
1251 2037 2715 2171 enfana che dist auchomes qre le uierge marie
1217 2102 2517 2214 Ie ne scay se uos pores est mors ou enuie
1260 2159 2485 2274 ⁊ sarapui lont pris qui ihũcrist mandie
1221 2212 2676 2332 Iuis lont en leur prison Ie ne scay que ien die
1187 2254 2818 2394 Sercs che dist martine garamours Ie uous prie
1235 2327 2593 2444 ue de main au matin soit le uille assalie
1242 2387 2620 2509 amais en mon uiant naray le chiere lie
1270 2442 2837 2557 aut que Rtray men pere que dieux soit en aye
1244 2497 2682 2622 et auchomee Respoi uiux sieux et Rlotru
1235 2559 2657 2684 atant es larcheuesque anchoie le fostie
1251 2626 2533 2739 distement lenmena en se tonte deli
1254 2677 2733 2789 celle Heure sint court de toute se clergie
1240 2741 2600 2842 perͬ cheualiere de lost et de le grome
1201 2787 2655 2909 Icelle aut fu lost moult Richemõt seruue
1237 2838 2664 2966 l oront aplente paut char et un sar lie
1217 2888 2984 3026 uoult bien es escargdatierit̾ en cos cellemut
1364 2969 2843 3075 eigueut en celle muit fu ly os uion gardee
1369 3042 2692 3139 iesque a lendemain que laube fu creule
1260 3104 2692 3190 out su cprrmiy lost nrnte crõpe soue
1309 3150 2643 3259 e se uout a zoubaut celle gent hõnourre
1212 3217 2843 3362 En couroy se sont mt es camps desui lepree
