3104 4140
1106 722 2491 848 Iar puis fist tuit be uielle a elame souffrir
1111 798 2650 908 que puis len fist son fil dedeus ung feuperir
1118 869 2372 963 Eusy que uous pores escouter et eoir
1127 922 2436 1028 e poy se part de la darmes se fist coureir
1102 972 2540 1083 Uour aler bouhonder uault en larchon saillir
1113 1032 2432 1156 Et le mere du ray mr se uault alentir
1115 1094 2330 1209 Ela me fist cruant en se cambre uenir
1115 1152 2388 1274 Et puis se cõmenclia sy bien a asalir
1120 1214 2531 1331 Que li belle ploura que ne se pottenir
1125 1274 2623 1403 Ensy ont pourxaens des riches asses a souffrir
1127 1368 1649 1455 Lue les prise
1746 1338 2197 1439 un font a hair
1187 1382 2501 1513 uielle apellit elame que tant pooir goenur
1178 1449 2480 1584 t ly dist orde pute Ihũs ce puist mandir
1120 1508 2625 1628 Cõment ose ces corpsz tel hauteur etpr enuair
1127 1573 2501 1692 que desprouser men fil que tant fait a cremir
1118 1642 2402 1741 ui a un tel roialue soubs ly amaincemr
1129 1678 2735 1814 Par foy clie ne poeut estre ne ne porult a uenir
1115 1743 2715 1888 Quauoet sy noble roy pusi puist telle pute gesir
1136 1816 2487 1948 Ie que nulz hons le puist poir roine teuir
1115 1874 2588 2014 Poy. fault que ue te uoie dungegrant coutel ferir
1120 1941 2505 2076 Et quant elame uit se geta unge soupir
1120 2003 2556 2134 Et pleure teikement que ne sen pot tenir
1138 2111 1152 2191 ¶
1194 2070 2475 2194 t dist a le royne dame par saint espir
1122 2136 2459 2249 Qnuers liray uo sil ne me poss escondir
1118 2196 2326 2320 Il ma prinse par forche se mestoit obeir
1122 2240 2627 2389 achies che qoise moy que ne pine puuz partir
1132 2323 2443 2442 Mieux a miroye asses le muen pani aquerir
1129 2373 2583 2502 Quauerques cel seigneur reposer n dormir
1136 2449 2314 2578 Affin quil ne peust a se mere souffair
1132 2500 2501 2642 Scache dist le p Rome il uous fault desuenr
1145 2546 2692 2700 Et pus tout coirment uous fault dechy partir
1263 2619 2738 2762 se uous chr ne faitess Ie uaul dy sant mentir
1136 2700 2508 2826 Sur ie pourcacheray quoy quil dore aurnir
1152 2762 2498 2891 Nomorr hastiuement lo la ur poes falir
1125 2817 2662 2950 abuis que Ie pay cpeuser iey seray bien uenir
1159 2904 1840 3017 Iar ruchoisz uans yroy
1872 2886 2634 2960 dien araut coustel fern
1224 2925 2731 3061 ue bresment ne uoꝰ uoie mon palansz diguerqr
1145 2996 2572 3141 Quant elame lentent se gera ung sou par
