3104 4140
216 742 1405 864 le uault uioler erforuest la pressa
92 832 1619 929 par deuers lapostole le nouuellernala
1771 804 1817 913 1
115 896 1382 984 lendemain au matyni ly papel y ala
124 947 1787 1055 deuant uilit cheluy ar dos que le corps esprila
135 1009 1408 1113 ygentieux apostoles le ueny et sara
165 1076 1325 1161 ⁊ li faiys sinatour alun se confessa
144 1136 1355 1223 u se faine ly dist cõment leupuissona
234 1191 1555 1285 du sil de romne que mour grir enuoia
124 1258 1477 1352 pour auor se cõmere que uiolet cuida
186 1320 1557 1423 popes len rasolt i fois le main beua
94 1386 1405 1481 Et puis le benay ⁊ le dame poria
190 1451 1649 1552 aut e doulx ghũcrist qui le monde crea
110 1524 1730 1619 Eue ly feue estaindy que moult la damaga
184 1593 1780 1692 nques puiẽ en se uie sus ses pies ne passa
135 1662 1944 1754 Mes Puis passa uesqui lont tamps aclie ꝯmeceta
246 1722 1571 1821 le dame Roiaux se party et seuera
190 1787 1652 1885 lantz et coureggie ⁊ moult dy auna
163 1853 1748 1936 dour lamour de lenfat que ly glous euoia
151 1915 1652 2012 dour ochire et tuer ne scet ꝯment Il ua
85 1913 121 2003 2
119 1973 1435 2065 auent le smatour plus Rier ne sosa
115 2046 1668 2125 Et pour chie sencarty et de chite uinda
149 2090 1564 2191 tõme poure mesquine ele saparella
131 2152 1580 2251 S les uers lobardie cautos sachemina
124 2221 1569 2306 En le chice de castre le dame saresta
181 2281 1493 2352 seruche de dieu se mist et oblegga
213 2334 1587 2433 es aumosurs uesqui ⁊ se se pourtacha
179 2394 1955 2497 ⁊ uous larray dely car souuet regreta losieufl
227 2458 1518 2559 siense iozerant que cloruis garda
190 2518 1753 2615 ⁊ le bon roy constaunque loyaumetama
126 2576 1822 2686 Pien cuyde que soit mors pout cheque le laissa
147 2647 1523 2737 Entre ub paient quant elle se seura
121 2702 1762 2796 Mes dieu l ot tant fait car il by enuoia
103 2766 1757 2875 Gannt iorde le uaron qui moult bien ly aida
128 2840 1539 2932 deuant Ihẽlin ly bous rois Repaira
128 2900 1612 2989 la fu le roy heury qui le uille assega
121 2953 1746 3058 Dolans fu rois constans de luy parti yora
124 3012 1665 3167 Tant fist quie e a luy anthonie que su la
