3104 4140
1300 708 2602 791 Or uie uoel marier ou aunnt ou demain
1286 779 2899 876 Se uoeul auoir moullur de moult noble & clain
1274 860 2662 952 Telle que dire ores achel hõme darram
1281 924 3028 1041 uy maxrent le qoissanche destre le dien sonuera
1247 1037 2839 1140 Sy que Ie doy ouurer par sen sonsel aplain
1277 1120 2731 1232 Chil sont acorde qui pas ne furent saui
1256 1207 3014 1320 Et ly faiys auemnis qui de maix sent tout plair
1532 1306 2956 1400 fourme de loeuure on et fait sen cabai
1295 1377 3018 1483 Poiant tous aparle et dist par mos qaultan
1274 1444 3032 1547 Gray bault che dist le diable or enteng mon reclai
1263 1570 2655 1674 Elariande te fille que tant adonc le sain
1426 1515 2873 1605 uoeul que tu espouses en cir palais haultamn
1283 1644 2588 1752 Or istera hors de grant poissancle qlain
1274 1701 2860 1823 Qui apres toy teurout che Roiamne en leur main
1267 1780 2772 1890 Et seront dieu clamne de frant et de uilain
1267 1853 2696 1952 Ou monde cha dessus seront ly souue rain
1272 1927 2765 2012 Quant clariande ler le belle o corps lumain
1357 1984 2728 2081 uermolle coulent de uincb lauche questans
1254 2070 2751 2157 Morte fu et pauinde et moult ot lesuer uain
1336 2118 2597 2233 t ses peres ly dist ma fille pour certain
1254 2182 2542 2297 Bien aues entendu de chel hõme deroam
1265 2251 2949 2380 Quil uoeult que uous espouse et uoussoies ꝑ chain
1267 2329 2751 2461 Et puis quisy acorde nen feray nul desdai
1256 2412 2906 2523 Par d uous espouser aya guen cuer grõt fain
1410 2477 2841 2587 ielle che dist graybant de main a la iouraiez
1244 2543 2940 2668 ous uoray chy endret en mõ trosue escouser
1288 2610 2393 2727 ⁊e belle la ceida ne loza refuser
1267 2684 2657 2810 Qe sen pere se uault le belle descuerez
1267 2753 2864 2881 Or oies bians seygneurs ꝯue elle uault ouurer
1265 2817 3014 2957 Elle a fait un cheual unisteucent uoptheua besreller
1281 2909 2731 3022 Et a fait de largent et des piaux teurser
1286 2985 2627 3118 Hors de bancere yssy epount de la iouruer
