3104 4140
1263 855 2602 965 Et la gentil puchelle un sy hault ey peta
1323 924 2678 1023 ne le coute loy lus cost quil peult unirla
1318 979 2655 1085 u qrant duel quil trouua fuforinẽt eskahis
1293 1030 2365 1127 apucelle ly dist bian sire uostre file
1327 1083 2600 1179 ui mauoit espousee sest de moy departis
1297 1143 2613 1235 dour dieu seruir son ua en estraigne pais
1221 1140 1256 1205 ¶
1286 1200 2613 1285 i emporte une pieche de la mel de mon doy
1251 1253 2609 1347 pout ie sur espousce iay lautre par me foy
1270 1311 2427 1384 amais hõme que upue mbitera amon
1297 1368 2491 1453 e ne rement uofsl dont au cuer ay ouoy
1311 1419 2583 1504 ar Ie promes adieu que Iamais en ma uie
1267 1472 2376 1554 aa ray a hõme nul solas ne ꝯpaignie
1279 1522 2475 1626 dieu uoue caste quant uo fil ma laissie
1297 1577 2466 1681 uant le coute loy estroit la embrachie
1288 1628 1329 1692 7
1332 1637 2528 1734 ln a dit amsy suercpuis que uous uolee
1274 1683 2319 1784 dolter amon enfant sy biel amistes
1274 1734 1447 1819 Imari
1564 1752 2501 1842 uostre uie de moy necartiree
1336 1793 2372 1895 era se dieuplest encore Retournes
1304 1839 2480 1954 pour la mourde ly uous feray garante
1256 1902 2717 2010 la puchewle a la dame paa le chanre embrachie
1277 1971 2616 2067 t ly dist en plourant quant uo fil ma laissie
1226 2028 2498 2118 Pour dieu se me teues en uostre ꝯpaiguie
1272 2088 2323 2175 a dame le regarde estoit la a coler
1281 2141 2770 2237 ⁊ qrant doloir et quil font ne polt y estreoublie
1272 2203 2404 2293 a uambre con auoit a grant ioie parer
1274 2263 1297 2316 d
1394 2263 2618 2362 doeul et en ploit le pur asgourdmee
1258 2320 2478 2417 ors puis oteniens ses mossartes errant
1265 2375 2556 2484 ar diuerses contrees fist querir son enfant
1279 2433 2404 2532 ale pis uous uoray conter dor en aua
1283 2481 2682 2587 ui estoit en le mer auencq maint marchant
1348 2546 2363 2635 pit a une chite anderent almer
1350 2601 2450 2691 Ion apele la lisirͬ qui sut sis la mer
1237 2642 2627 2746 uais un sy grant oraigel ꝯmnencha aleuer
1198 2700 2521 2808 Aalus que iiii lioues les fist ensusaber
1198 2769 2680 2868 fuaut eport ie trouelerent a soin ot grant ioie
1258 2826 2655 2923 hũ crist grachierent qui tous les bions enuour
1265 2879 2406 2983 le uis qͣu doud̾toit a bien fruire sauoie
1214 2927 2374 3038 drois uers ihrlm a entrepus sauoi
1373 2996 2498 3077 la sauite chate unit lonfantalexs
1265 3049 2643 3173 Du ly doult qhũ crist fu ueudus et gray
