3104 4140
266 703 1587 811 et qui est deliuree par uostre engendement
209 786 1794 869 de deux hoirs marlẽt̾ sirux au dieu cõmandemet
213 837 1769 915 Qui sout tout h plus bel qͥ touue roit uaiement
220 892 1663 977 pr uous pie baux sire aussy font uostre gent
246 945 1679 1030 due me ueullien mander cost et hastinement
230 1000 1541 1104 lestat de uostre corps trestout permuierement
246 1081 1373 1150 et aprien en frant quaes ainse ment
207 1122 1352 1207 Cõment uo doy enfant ogre du sapient
202 1182 1555 1271 paront clames as fous opremier sacrement
255 1223 1652 1334 ensy disoit ly brirf puis en fist on present
236 1288 1348 1386 le rome elame a sen lit droitement
248 1343 1323 1453 e dame le lisy ⁊ apries uistement
225 1384 1665 1527 ist aporter le daie le sien saiel darde dargent
202 1460 1394 1584 Marie ly dõna que nul mal ny en rent
220 1522 1304 1642 Ie lame sy sela le tettre propencout
236 1566 1573 1704 et puis prist un mesaige ou se fiafement
236 1621 1555 1768 e bettre ly bailla ⁊ cheux tantost le preut
234 1690 1539 1833 y contes de clochestre au fier cõtenenxmt
223 1754 1527 1902 Sõna au mesaigier de lauoir largement
250 1892 308 1945 2t
395 1835 1514 1943 ly cõmanda que il nalast noieiet
207 1885 1560 2014 llle uille de doures que sier le mersesent
202 1941 1587 2067 pale mere du roy ne parlast nulemeie
340 1998 1725 2116 ly mes sen fat party que ly aencouuent
207 2049 1815 2168 Mes de che ly mesaiges menty mauuaisement
211 2125 1523 2219 Ear adeuris ala che scachues urarement
246 2173 1557 2288 et pour che quil ualoir ꝯly fesit quresent
209 2244 1502 2336 Daucun roche ioiel pour che cõuoitement
186 2290 1615 2392 pour aler droit adouren se droite uoie prent
216 2352 1477 2461 nques ne saresta se uintaumandencent
202 2398 1633 2516 Su la rome estoit que le cerps dieu qrauent
207 2454 1672 2589 y mes uint deuant ly se lyaist hanstemont
200 2520 1654 2651 Dame deu ꝑ uous beme et a quy le ment apeit
202 2571 1668 2730 siuus dist le arme dieuo re cart de tourment
329 2647 1541 2769 mis dist le rome Ihũs uous beuere
329 2695 1654 2819 Ie quel lieu ueurs uous ⁊ dequelle partu
340 2748 1723 2884 t chieus a respondu que point ne sy detrie
248 2817 1635 2934 dame Ie uteng de londres celle chite iolie
257 2898 1382 2992 lame la rouie est denfant a couquie
243 2944 1491 3072 eux enfans sy a en la dame a une fie
