3104 4140
1442 625 1520 733 98
119 713 1398 830 Car nouoit sy hardy sui le camp adoube
101 798 1509 908 Eui poine e sast atendre le saraqui doute
89 873 1543 979 Dirips dist ln apostoles grans rois demaieste
135 942 1698 1069 e Roy buter E uit longes nous sõmes engane
78 1041 1208 1152 Il metera affin sainte cretieuete
154 1129 1228 1237 pre nleux Ihũs sire de le tremte
131 1189 1398 1311 lides ce ueuredy le tien rche baruel
85 1251 1615 1386 Sy uran que partel iour euist teu corps pene
126 1338 1751 1472 n labre de la trois dent nous fumes faite saue
138 1419 1451 1531 ors se fiert en lestour de bõne uoulente
128 1492 1277 1584 d occire sarasun sestoit forment penee
138 1554 1465 1662 Ie uous le ron buter qui bien la regurde
121 1614 1329 1741 Los et isuellement a le fausart leue
121 1699 1224 1828 lapostoie fery qui le aier et seue
110 1741 1438 1902 Font parmny le blasoy la sy bun asene
105 1853 1527 1966 Cun quarter largement en a qus crauente
119 1920 1398 2028 Gar le col du destrier a la cluer auale
156 1989 1493 2099 eceste ly treucha cõme un fetudeble
138 2067 1219 2180 apostole quey sy adieu reclaine
264 2129 1403 2237 dist aloueny dieu aies de moy ꝑite
142 2219 1412 2323 a leuissent paienis eccis et deliuri
144 2283 1771 2403 fuant ly bous rois qeuris q̃ dieu grroist uõ tr
124 2366 1415 2474 ly est uenus aidier d uẽne uolente
135 2447 1247 2546 oue hache demande on lxaporte
147 2511 1843 2640 i le pprist a deux mains salirel choe ceual aurte
135 2617 1325 2709 peuus est litor se lyia escrie
101 2684 1728 2769 Par foy roy dermouir che ne uous uault Id
115 2750 1371 2865 pas nares la postoles ne ures cõpa
105 2833 1622 2939 pout fiert le roy ecron butor se garfate
1394 2778 1799 2877 dãe uolenti
110 2900 1511 3003 Qu les deuers seuestre la sy bien aseue
126 2966 1375 3098 le lanclie du haubert et laucton dere
