3104 4140
1488 554 1578 680 44
167 687 1557 784 Mes bras lesceut moult bien au conte orsuser
167 763 1454 839 Dist daler acheual ne se ueult ia mesler
170 802 1419 887 Mes kous fist le sieu uistement enseler
193 850 1382 949 loy de cheualier se sceut bien a touruer
204 896 1665 998 in mantel auoult tresache uuult a son col porter
200 954 1599 1039 dius sen sont deparey s peusent de lisier
184 1000 1557 1085 Eant uaurent u enfant errer et chemmner
177 1044 1504 1145 Nuil sont uem aport sy entrerent en mer
177 1090 1693 1214 Tont droit enuers boulongar les fistoieux amier
179 1154 1458 1258 la ot un castelan que dieux quist hõnere¬
177 1198 1509 1297 ui auoit une guerre queauoult fist adouster
197 1262 1520 1361 Eucontre cheux de flandres qui estoient escler
174 1311 1456 1400 uadont ne uaurent dieit croue ne aourer
181 1373 1279 1455 Et sestoient uenu boulongne auirõner
186 1416 1497 1513 Et ly rois authenor qui flandees deut garder
184 1472 1371 1554 Ot Cait au caste lain le bataille mander
179 1531 1401 1612 droit aden ueuredy lu uault dn acorder
174 1563 1645 1655 Diens que de deus boulongut oissies hault crier
204 1614 1615 1701 et dame dieu de oloire haultement Reclainer
227 1658 1553 1757 ioendy uault uous en uoulongie qriner
260 1699 1721 1810 ⁊ uras qui fit ses freres que forment dut auer
225 1743 1516 1865 eusement quale porte uaurent au doyeutre
190 1800 1599 1918 ie uous le castelain qui leur uault de mander
172 1860 1633 1982 Seigneur dont estes uous ne le ueullies cheler
172 1927 1504 2030 Et bous Respondy ne uous est adoubter
188 1996 1380 2086 pous Imes dioit amy et uolons apurer
193 2028 1470 2134 le Roy de paradis que fist etehiel et mer.
172 2079 1440 2187 Noux auons bien oy de uoguerre parli
216 2129 1615 2237 e sõmes chr uenusz pour nous auenturer
193 2189 1520 2295 our he le loy ihũ crist exanchieret leuer
209 2242 1663 2343 et dist tycastelauis dieux uous puiit hõurrer
197 2297 1419 2412 lson chostel les ualy castelaint mener
193 2339 1583 2467 t loi fist richement fuuir et gouureue
195 2398 1624 2527 emures leut donna poir mienxakdoubter
188 2484 1419 2580 Iende main au maam fiston les creps sõne
186 2546 1412 2622 dar a uille sen uout fernester et armer
181 2589 1415 2674 et in quentanthenor auoit faitor dmer
174 2640 1309 2734 doiii batailles qour lestrens grouer
315 2684 1778 2780 Rigneurs deuant uon congue syq̃ lisant trouuoist
220 2739 1654 2833 Furout no gent destien arme bien le sirton
188 2792 1638 2888 Eu coutre chiai de fland res le noble aergion
204 2845 1518 2948 a oiffr̾es souner maint grant cor d aeton
190 2907 1373 2994 ant es uous uenu le demoi sellion
184 2969 1392 3070 Pcaste lain sestrie ameult grande aison
