3104 4140
105 683 1518 781 se plus belle du monde ne que iamais sera
98 761 1594 862 le plus tresgaaseuse que onques auais Regna
98 841 1702 938 F hest ma piesꝑ ⁊ ma uie poir dieu cõmently ua
82 903 1645 1005 pour diou que fait le belle ire le me che bes Ia
138 982 1566 1083 Quant hy soutes lon tous ln ferrs sans ly ama
117 1062 1438 1154 apaines port mot dire sy fort lyauoia
92 1133 1665 1230 Mes ⁊ peprent cuer dõme adonques senforchia
94 1198 1458 1297 Et dist au pihe que che ly demanda
85 1262 1684 1368 Sire moult bien le fait et Deux enfans que ellea
92 1343 1502 1432 Euesse adire dist il ⁊ uo corps me manda
135 1407 1576 1499 uelle estoit deliuiee ly brirs le me conta
96 1467 1601 1570 De deiys laides figures dont moult il mẽnoia
124 1531 1645 1649 Dist le quẽ de clochestre men corps ains nel peusa
96 1605 1587 1720 ans manday que de deips biaips sieux se diliura
133 1681 1357 1780 Quis adit coirment ⁊ grant traison ghy a
140 1738 1566 1862 e suy bien de cheus urais dienxo que mauerira
142 1803 1465 1925 ⁊t ln bous ais heuris grant pir demena
131 1858 1470 1998 Quant Il ot que dein elamne deux fieux a
121 1927 1546 2076 dout se nust en en mer a diru se ꝯmanda
112 2028 1415 2132 Euant il fu arues desur terre monta
133 2067 1672 2208 diuis montent es chaux que tout prest furent la
149 2152 1532 2277 le uoie se mirent ly grant hoss sa ronta
144 2219 1615 2350 ltant es uous le uirlle qui nul bien ny prensa
133 2295 1387 2431 ors quelle uit sen fil aterre se iasma
124 2359 1617 2495 sors fist calent de doil mes nul talent nena
126 2438 1553 2571 y rois quant uit se mede quainsy se demena
195 2502 1479 2633 ne scet que peusee forment sen effera
296 2576 1235 2679 peuems aly et se le relena
131 2624 1525 2769 t par grant amiste donchement le baisa
131 2720 1709 2840 t iy a dit me dame pour dieu cõment uous ua
96 2796 1808 2925 Biaux fieux che dist le uielle ie nent ioie piecha
147 2870 1702 2980 dries que nair este morti ne. uous mentiray i
140 2930 1705 3052 our uo moullir elame que su fort uous ama
