3104 4140
1318 919 2595 1016 Gay este sodoier en le tour de cantin
1306 984 2386 1071 Degaiant malore un seion sarain
1447 1041 2809 1136 frere o gaicoit ain uoue fait maint hustin
1348 1094 2609 1193 cachies que che castiel y a un sosterm
1389 1159 2793 1258 ui ua par de ioulz terre ien scay bien le q̃mn
1313 1212 2669 1322 Iusques a celle tour dout in Nestiel sont funi
1408 1271 2567 1370 ar la leur amainon ppain et char et uni
1302 1320 1652 1400 a naueres
1670 1340 2726 1428 le tour pour uray le uous destin
1470 1386 2795 1499 uous nauer aucloir che castiel marberi
1293 1430 1684 1517 dartissirũ
1695 1460 2728 1547 le uostre ost aint ou de matin
1451 1508 2705 1603 le moitie sen uont pour assegier cantin
1412 1568 2574 1665 aultre demoura ychi sur che marin
1369 1605 1451 1683 a2
1474 1628 2639 1729 un cenduit y a qui uint du sosterini
1355 1683 2687 1793 dar ou ly gaias ist o uespre et o mastin
1311 1745 2754 1851 pien pres est de la tour ie scay bien le destin
1493 1810 2671 1915 fquet estouper sans nul aultre t̾min
1366 1860 2577 1975 u aultremẽt nares duree ache mastin
1304 1920 1716 2010 Sieipeeltes
1428 1982 2623 2074 uant ly noble Garon ont le parole oye
1849 1945 2054 2014 Seronz
1465 2046 2710 2136 ue leur a gaconte la endroit ly espie
1352 2104 2827 2198 dar Roy dist lun a lautre uichy grant diablerie
1297 2185 1350 2272 Ie
1366 2219 2673 2316 uoui coument uiser paz riucune maistrie
1523 2171 2646 2258 felon gant qui amnsy nous guerrie
1306 2260 1445 2327 Cu
1479 2281 2556 2371 re uoie ly soit a tous les calengie
1346 2329 2685 2428 ha aat le roy heury ne larray ne uousdie
1281 2392 2459 2486 A cautin men yray atoute me maisme
1424 2454 2312 2559 se uerde authomẽe atoute si
1346 2500 2172 2601 et moranr̾. ychy a ost bame
2314 2502 2641 2571 duoura
1334 2543 2593 2651 neusque larthyiusque et tonti se clercu
1348 2617 2567 2711 ex mille hõmeu ares en uo ꝯpaigne
1277 2674 2708 2762 potes uostre ost emlore par ytelle maistrie
1290 2716 3028 2840 que plus ne uous puist Ioue faire de gaint uilomn
1474 2812 2524 2900 trouner pore par nesune estudie
1514 2858 2722 2964 fauisse citerue que sy fort uous guerie
1254 2918 2722 3019 Se lestoupes tresbien de grande mahõuerie
1279 2987 2715 3088 Pue iolus ne puis issir le iaiant plain demnn
1270 3031 1412 3114 Sr.
1463 3056 2567 3144 che dist morans auost tre ꝯmandie
1265 3102 2763 3190 Qr escontes seignent pour dieu le fil marie
1265 3162 2517 3282 lle doy denry afan armer se uarõme
