3104 4140
1479 781 1635 899 117
167 864 1346 977 kans que de cmiere fist fonder le castel
128 931 1341 1037 t puisse fist fander le uille uien et uel
121 986 1118 1090 e tour de cantin parta le pgndeliel
103 1021 1470 1145 ir estoit poiñs de geules in lupardel /si sont /
98 1083 2020 1198 antost senest uenus droit o muerdetcascel rois esq̾elles y drech
103 1150 1300 1248 dar dseuresenchuf mist lescut en cantel
1359 1159 1992 1292 ⁊ escalbus nonuil
112 1202 1281 1306 loult uien le Recõgit le pairen desloiez
135 1271 941 1350 apela se gent qui estoient uer
105 1299 1300 1389 eineur dist le caiant uees che damoisel
103 1361 1258 1437 ui pouse de nconter par sen selan ceubel
110 1444 1380 1554 qiest ly quẽs maradi qu apris de cigunel
105 1513 1194 1605 e lay dei geus cresti ens sa laissiet iupite
110 1570 1007 1649 or les laissirs/ sique iusque au crestiel
1217 1517 1470 1632 mõter /
108 1612 1198 1704 ⁊uant il sera amont saquielle Par Reuil
112 1660 1194 1752 e chiens le teuoie par mahon ce loiel
108 1708 1198 1812 antost le penderoie lassus a un crestrel
110 1773 1120 1876 n son maistre tour Ia ne le feroie el
174 1814 1419 1918 et gueur dest le gaiant gr le laissies monter
133 1876 1421 1975 Et quant Il sera ens penses de luy hasper
98 1934 1155 2023 assus en celle tour le feray eurouer
96 1989 1316 2079 Aque bien gent eestuu de poroient aiser
108 2042 1424 2134 Are che Sient sy hõme chefait acreauter
103 2097 1366 2180 ⁊na gait se sont mis pour morant atraper
101 2152 1318 2231 Et le coute peusoit fcerement a caenper
108 2198 1465 2279 dy geut en uaut ciant ou us los uoin moieer
96 2254 1120 2336 Sire uous uoꝰ feres amagre linr
101 2304 1283 2394 Nes nopant ne le ueult er ne escoutee
133 2364 1178 2449 etiel est uenus soy perse dd h.
108 2405 1355 2500 e dens le basse colert uault uistemens
1385 2359 1642 2449 entrer
108 2438 1642 2564 daiien passent auant pour le sien corpe lasper
105 2527 211 2587 lii
253 2509 1415 2608 auii el ptussent prendee ne agrip
110 2573 188 2647 iiiii
225 2559 1431 2661 sen escie auant le saca le brant eler
119 2615 1456 2714 Et uault le p.gnon sir le crestul poser
117 2672 1281 2766 ĩques ly rrestien le uoient uengler
124 2718 1493 2824 ie dieux che dist henris ue la frant baceler
121 2792 1290 2881 Iu quee man n uich hõmre qui lepe
158 2845 188 2918 D
197 2780 1672 2953 ne fe amorry q quedieux uault tant amer
140 2886 1320 2999 lesere a se gent or penses E monter
133 2941 1445 3052 norant uos auolut le uie de moustrer
128 3008 1277 3102 nontes tos apres luy se la les sonforter
124 3040 1548 3240 dout urasies no gbut cea esqua llar cõbrer
