3104 4140
174 706 1532 798 Dar foy dist ly Naitres Il ait malaychon
202 770 1698 862 euous nelde uos dieiro nen douroie un uouton
165 827 1442 913 et quant lious lentent sy en ot maroson
140 880 1408 961 Quant il oy de diex dire relle par soin
218 931 1389 1002 a trait un coutel qui treuchoit a foison
179 965 1502 1055 heluy en ua ferir qar sy tresgrant randon
165 1025 1428 1092 ul. ya despichiet et colte et hanqu tou
156 1071 1472 1159 ien une paine en char actendy le hlouton
154 1129 1431 1209 Rus ou destri coste ensy quens ou moilon
223 1182 1375 1260 chieux en uafiuant a tout le horion
149 1221 1433 1320 nle decuuer se fist pardedens se maison
115 1281 1477 1380 qpiis uint a le gome quy carpande auon
342 1327 1511 1416 deuant le roine clariand ocorps geis
271 1373 1617 1474 est uenus iy traitres saus ma ariesfement
156 1432 1433 1522 Et Puis le sasna et ly dist haultemeia
142 1488 1564 1568 Dauie par cheluydiei aque le auont apein
156 1520 1576 1628 ous estes bien traces se ueuesz dirai cẽment
156 1577 1451 1690 in bonnuxr aut liqui par sen hardement
133 1646 1302 1741 Donne ur̃e uitaille ale meune gent
142 1676 1682 1798 Aus hous ne uient aluy pant que le main luy tent
156 1752 1702 1849 Quil mait un pot de unpadet uii painde forment
266 1800 1343 1895 de le char oussy asses et largement
156 1851 1493 1950 Et Ie luy an blasme et il dist uraiement
140 1899 1371 1994 que tant gueil yara de uitaille norem
218 1982 232 2060 ¶
278 1959 1221 2049 partira et doura plainement
167 2003 1534 2099 Eusy uous conuerra sans nul a targement
172 2058 1355 2139 rendre ocontr la hors a sen deisenent
163 2102 1401 2194 ious estes par lion uendie faussement
266 2148 1610 2247 in iours le tenes auent uous seullement
230 2219 1716 2311 uous couuerra cendre ie le scan uraiement
177 2272 1543 2359 e scay bien que lion a de uoꝰ prins ardent
177 2325 1403 2408 aconte de clochestre qui auous auoit ten
140 2373 1401 2456 Euant le Rome lot sen ot le cuer delent
151 2419 1396 2513 Dnas en apelle sen maistre lambrelent
223 2472 1449 2585 lion uostre frere larache que qenteng
158 2539 1525 2642 Uendui suy par luyqe le croy uraiement
142 2603 1507 2697 Garme uitaille doreatous toumunalment
131 2658 1589 2753 Ayara que mengier de dens men mandement
142 2716 1548 2810 Et dist quil doura tout ne say aquoyiltent
230 2776 1500 2863 ne pense a nul uien ie le scay clizement
195 2822 1606 2921 ar puis qui lec uitaille faura me uõut gent
149 2877 1509 2980 Ay dier ne me uoront neceusez nulement
131 2941 1527 3088 illiisy me faura Rendre sans nul austement
