3104 4140
1249 938 2606 1025 pour la moier dieu a souffert mainte durete
1219 991 2627 1078 Uatantos se le quiers q caat que lones troiure
1385 1044 2606 1136 ueul que ung cõnoisse se nesgrant boute
1263 1090 2540 1189 Ie clere pour sy fes mos fu forment esbali
1311 1145 2376 1244 os et imellemẽt de de capielle issi
1265 1198 2510 1301 lexis encontra par trois fois deuantluy
1277 1248 2689 1352 nel iamau ne cuirast pour uou que che fust chis
1258 1299 2455 1398 pue le uierge marie l enuoiatquerir
1274 1354 2728 1453 car pluisenti fois lauoit boute hors der moistier
1288 1405 2487 1501 ⁊ claine papelort et abault bantõmer
1341 1465 2565 1557 clere poursl fes mos sen Retourna aroier
1260 1513 2804 1612 En plourant ch Sist aume dpour dieu le groiturur
1323 1570 2768 1669 nen puis nul trouuer quil soit de tel samblant
1286 1619 2510 1718 me uoit byadit rrouuer le peux aens
1290 1674 2519 1775 a deuiore che lis sea sept salies lisant
1288 1736 2519 1830 e clere poir sy fes mob fu sy fortesbahis
1281 1775 2261 1872 riere liuorala sy trouna a loxi
1272 1826 2586 1904 Deuant liu sagenoulle ⁊ ly dist baux anna
1274 1883 2738 1971 pons y estee uns sains lous de che soier tous fui
1279 1931 2475 2026 ostre bonte nous a lont taueps este cele
1274 1987 2669 2070 cuant le saint lentendy sa le coulour muie
1235 2023 2542 2129 Hien sen cui drefint mos ly clerc la hasqe
1240 2083 2567 2185 pa main qui estoit magre noire et dehale
1281 2141 2574 2228 ar deuant les canõtez a la tautost mener
1281 2187 2726 2288 ors leur a dit cõment dieu fist limaigepãa ler
1281 2240 2606 2339 uilr faire la bonte du laint lpͬme drmier
1283 2293 2537 2387 e le uaurent auous ous leuer et sacrẽr
1217 2332 2574 2447 Iuais le uon amy Sieutnele uolt ꝯsenter
1341 2398 2496 2493 ne uien que cestoit pour be bien detenir
1226 2435 2627 2543 P. ipoune atrop grant pane en pura dis uenor
1214 2486 2312 2585 Pn fist alepis celle nnt uien seruir
1346 2546 2751 2633 fu moult uien couchies mee qlue ly plotune
1279 2599 2945 2686 ar quant ui uers matmesquie genafust endorune
1277 2649 2505 2730 sen fuy neult cure de nule seignourie
1263 2704 2549 2787 ourant unt a la mer ppleste fu la naunie
1263 2766 2669 2849 mous chieux son entra qui uolaient passer
1224 2808 2597 2902 Proit au cport de soisant ainderent armer
1228 2861 2563 2955 pies ly doulx i hũcist pst la bage toumer
1221 2916 2899 3019 Aseꝰ moult cpries de cõmo ust scachies sans fausser
1242 2983 2673 3052 uant le lonaunt diei uit põme le uaqoy
1479 3031 2772 3114 son hauls lignaihe estoit toute la floi
1242 3075 2625 3157 noulcemẽt Reclonra lt sonueram creatourl
1235 3116 2779 3240 al ne de gardest deuibalee entierene hẽnon
1311 3397 1332 3472 ‸
