<?xml version="1.0" encoding="UTF-8"  standalone="yes"?>
<PcGts xmlns="http://schema.primaresearch.org/PAGE/gts/pagecontent/2019-07-15" xmlns:xsi="http://www.w3.org/2001/XMLSchema-instance" xsi:schemaLocation="http://schema.primaresearch.org/PAGE/gts/pagecontent/2019-07-15 http://schema.primaresearch.org/PAGE/gts/pagecontent/2019-07-15/pagecontent.xsd">
  <Metadata>
	<Creator>escriptorium</Creator>
	<Created>2025-10-15T20:24:14.884093+00:00</Created>
        <LastChange>2025-10-15T20:24:14.884127+00:00</LastChange>

  </Metadata>
  <Page imageFilename="620416201_MS0742_0766_0100A.jpg" imageWidth="3104" imageHeight="4140">

    
    <TextRegion id="eSc_textblock_4f052036"  custom="structure {type:text;}">
      <Coords points="112,708 1118,708 1157,745 1348,745 1578,827 1635,892 1762,919 1771,1028 1608,1083 1587,1147 1642,1159 1709,1242 1909,1269 1919,1322 1771,1361 1753,1524 1635,1534 1569,1591 1532,1839 1642,1996 1642,2205 1762,2254 1753,2454 1652,2511 1642,2566 1652,2702 1624,2739 1734,2824 1661,2996 1504,3052 936,3088 119,3070 101,1821 110,1545 156,1398 110,1396 101,1359 82,855 112,708"/>
      
      
      <TextLine id="eSc_line_8f6e81e6" custom="structure {type:default;}">
        <Coords points="1095,708 1072,708 1053,708 1023,713 987,708 980,708 957,708 934,708 922,708 915,715 752,710 722,710 720,710 704,713 632,722 584,715 547,710 545,710 543,710 540,710 531,717 515,726 494,717 471,708 469,708 467,708 368,713 365,713 335,722 303,733 285,724 266,715 264,715 262,715 151,726 154,779 154,809 296,807 299,807 306,804 335,791 508,788 533,798 543,800 545,800 547,800 549,800 552,800 552,798 554,798 554,795 563,786 699,791 786,793 789,793 839,786 892,777 911,784 927,788 929,788 931,788 1109,775 1109,752 1102,708 1095,708"/>
        <Baseline points="154,779 1109,752"/>
        <TextEquiv conf="0.9686483302537132">
          <Unicode>Robastre le rroy a conte par renul</Unicode>
        </TextEquiv>
      </TextLine>

      
      
      <TextLine id="eSc_line_39c0f640" custom="structure {type:default;}">
        <Coords points="154,837 154,862 552,841 602,848 630,850 632,850 752,841 874,832 991,832 1270,832 1272,832 1355,816 1355,802 1348,754 1270,765 1134,761 1042,758 1040,758 994,765 950,775 920,770 885,763 883,763 775,775 708,781 662,779 554,772 552,772 549,772 547,772 547,775 545,775 538,784 538,786 453,788 437,788 354,779 352,779 349,779 312,793 308,795 151,798 154,837"/>
        <Baseline points="154,837 1355,802"/>
        <TextEquiv conf="0.9822082761171702">
          <Unicode>e mandement heury qui uecuer ot loycl</Unicode>
        </TextEquiv>
      </TextLine>

      
      
      <TextLine id="eSc_line_1165247e" custom="structure {type:default;}">
        <Coords points="190,883 190,903 492,910 494,910 616,906 618,906 648,892 651,892 789,901 791,901 793,901 826,887 1012,894 1014,894 1017,894 1019,894 1042,880 1044,878 1109,878 1129,878 1175,890 1178,890 1180,890 1442,867 1442,846 1433,802 1385,816 1352,804 1350,804 1348,804 1346,804 1343,804 1341,804 1311,818 1237,809 1226,809 1224,809 1191,811 1067,825 1049,818 1037,814 1035,814 1033,814 1030,814 1019,818 998,830 901,830 892,825 885,818 883,818 881,818 878,818 876,818 874,818 874,821 872,821 869,825 862,832 775,830 658,825 655,825 653,825 618,837 607,839 598,837 572,827 570,827 568,827 508,841 490,846 384,846 361,834 358,834 356,834 354,834 326,848 324,848 276,839 273,839 188,853 190,883"/>
        <Baseline points="190,883 782,873 1442,846"/>
        <TextEquiv conf="0.982484716333841">
          <Unicode>rorastre pespont par men dieu Iupitiel</Unicode>
        </TextEquiv>
      </TextLine>

      
      
      <TextLine id="eSc_line_83551b0e" custom="structure {type:default;}">
        <Coords points="186,936 186,963 324,952 347,959 352,961 354,961 356,961 358,961 361,961 361,959 370,952 384,959 386,961 388,961 391,961 393,961 789,949 791,949 793,949 793,947 796,947 805,936 851,945 853,945 855,945 858,945 860,945 876,933 906,945 911,945 913,945 915,945 918,945 922,942 957,931 1138,938 1178,938 1180,938 1205,936 1334,919 1438,929 1445,929 1447,929 1449,929 1451,929 1488,915 1573,924 1578,892 1571,853 184,901 186,936"/>
        <Baseline points="186,936 575,931 924,910 1578,892"/>
        <TextEquiv conf="0.9924373399643671">
          <Unicode>uant pris nen ot uendanche restien desloul</Unicode>
        </TextEquiv>
      </TextLine>

      
      
      <TextLine id="eSc_line_0eca4eb3" custom="structure {type:default;}">
        <Coords points="170,984 170,1007 598,1000 600,975 595,942 167,942 170,984"/>
        <Baseline points="170,984 600,975"/>
        <TextEquiv conf="0.9997339302843268">
          <Unicode>pour eux le</Unicode>
        </TextEquiv>
      </TextLine>

      
      
      <TextLine id="eSc_line_0bf42df1" custom="structure {type:default;}">
        <Coords points="1686,903 1675,899 1504,915 1491,903 1488,903 1486,903 1484,903 1458,906 1350,917 1295,910 1254,906 1251,906 1187,915 1125,922 1065,917 987,913 984,913 922,922 908,924 904,924 883,913 881,915 867,915 853,924 851,926 842,924 803,917 789,919 766,922 747,922 628,931 630,975 630,998 929,991 931,991 934,991 934,988 936,988 947,977 987,986 998,988 1000,988 1003,988 1010,986 1030,975 1053,984 1065,988 1067,988 1069,988 1099,982 1136,975 1194,979 1249,984 1251,984 1254,984 1256,984 1265,977 1274,970 1302,975 1323,979 1325,979 1373,972 1415,968 1426,972 1454,982 1456,982 1458,982 1461,982 1514,968 1518,968 1537,979 1539,979 1541,979 1543,979 1698,961 1698,947 1691,903 1686,903"/>
        <Baseline points="630,975 754,963 1698,947"/>
        <TextEquiv conf="0.9958475192387899">
          <Unicode>prenderay lors manda un uoural</Unicode>
        </TextEquiv>
      </TextLine>

      
      
      <TextLine id="eSc_line_0deb33bf" custom="structure {type:default;}">
        <Coords points="1486,952 1484,952 1481,952 1451,968 1389,954 1385,954 1382,954 1380,954 1378,954 1378,956 1362,970 1212,959 1189,959 1187,959 1184,959 1180,961 1157,972 1113,961 1104,961 1102,961 1099,961 1097,961 1097,963 1076,977 1033,963 1028,963 1026,963 1023,963 1005,965 904,982 865,970 858,968 855,968 853,968 828,970 701,986 566,979 563,979 561,979 526,991 476,979 457,979 448,979 444,982 430,993 158,991 161,1035 161,1071 326,1069 329,1069 331,1069 349,1053 423,1051 522,1064 533,1064 536,1064 568,1062 621,1058 623,1058 625,1058 625,1055 644,1039 697,1058 699,1058 701,1058 704,1058 706,1058 734,1037 911,1030 1210,1028 1228,1041 1231,1041 1233,1041 1235,1041 1237,1041 1295,1021 1428,1021 1481,1039 1484,1039 1486,1041 1537,1041 1557,1041 1557,1039 1661,1037 1663,1037 1702,1021 1751,1035 1755,995 1748,945 1546,963 1488,952 1486,952"/>
        <Baseline points="161,1035 1755,995"/>
        <TextEquiv conf="0.9701305735111236">
          <Unicode>et puis le fist monter uout au plus hault crestrel</Unicode>
        </TextEquiv>
      </TextLine>

      
      
      <TextLine id="eSc_line_fee4e22e" custom="structure {type:default;}">
        <Coords points="1355,1007 1339,1007 1235,1023 826,1023 823,1023 821,1023 782,1037 763,1025 761,1025 759,1025 757,1025 676,1044 563,1032 561,1032 559,1032 556,1032 556,1035 554,1035 543,1048 227,1048 225,1048 161,1062 163,1101 163,1124 329,1124 331,1124 345,1120 377,1110 478,1115 552,1117 554,1117 556,1117 572,1110 602,1097 687,1106 717,1108 720,1108 722,1108 724,1108 724,1106 727,1104 740,1090 768,1104 775,1106 777,1106 780,1106 807,1101 895,1083 991,1094 1010,1094 1012,1094 1014,1094 1017,1094 1017,1092 1019,1092 1030,1078 1125,1087 1132,1087 1134,1087 1136,1087 1138,1087 1171,1074 1208,1085 1212,1085 1214,1085 1217,1085 1219,1085 1221,1085 1221,1083 1237,1071 1274,1081 1281,1083 1283,1083 1286,1083 1288,1083 1290,1083 1293,1081 1309,1069 1435,1074 1438,1053 1433,1018 1369,1007 1355,1007"/>
        <Baseline points="163,1101 646,1085 973,1060 1438,1053"/>
        <TextEquiv conf="0.9921331085809847">
          <Unicode>a sist tre tous les turs coper le haterel</Unicode>
        </TextEquiv>
      </TextLine>

      
      
      <TextLine id="eSc_line_b9998676" custom="structure {type:default;}">
        <Coords points="204,1163 207,1186 218,1182 218,1163 218,1120 204,1120 204,1163"/>
        <Baseline points="204,1163 218,1163"/>
        <TextEquiv conf="0.9920051693916321">
          <Unicode>1</Unicode>
        </TextEquiv>
      </TextLine>

      
      
      <TextLine id="eSc_line_ca5f4574" custom="structure {type:default;}">
        <Coords points="1419,1055 1396,1055 1373,1055 1350,1055 1327,1055 1304,1055 1281,1058 1258,1058 1235,1058 1226,1058 1221,1064 1221,1067 1214,1067 991,1067 989,1067 987,1067 943,1081 938,1081 934,1081 865,1074 862,1074 786,1090 780,1090 775,1090 747,1081 745,1081 743,1081 246,1117 250,1161 250,1184 372,1184 372,1182 375,1182 393,1175 416,1163 430,1173 432,1175 434,1175 437,1175 439,1175 441,1175 444,1175 448,1170 457,1163 467,1170 478,1175 480,1175 483,1175 485,1175 510,1168 531,1161 545,1166 566,1170 568,1170 570,1170 572,1170 575,1170 575,1168 582,1163 591,1154 632,1159 651,1161 653,1161 655,1161 658,1161 658,1159 660,1159 667,1150 720,1154 784,1159 786,1159 789,1159 812,1147 830,1140 846,1145 865,1152 867,1152 869,1152 961,1138 1037,1127 1159,1127 1408,1124 1410,1124 1412,1124 1431,1110 1431,1101 1426,1055 1419,1055"/>
        <Baseline points="250,1161 971,1110 1431,1101"/>
        <TextEquiv conf="0.9903874910540051">
          <Unicode>i du ueoit de los queir ou fossetiel</Unicode>
        </TextEquiv>
      </TextLine>

      
      
      <TextLine id="eSc_line_72eafa0f" custom="structure {type:default;}">
        <Coords points="1417,1104 1410,1104 1403,1106 1125,1113 968,1120 904,1131 862,1138 844,1136 805,1131 803,1131 800,1131 782,1140 768,1147 731,1145 669,1140 667,1140 200,1186 204,1225 207,1253 250,1237 276,1248 280,1251 283,1251 285,1251 326,1246 483,1223 499,1235 501,1235 503,1235 506,1235 515,1235 609,1209 713,1209 731,1219 736,1221 738,1221 740,1221 743,1221 752,1219 819,1198 895,1209 906,1209 908,1209 911,1209 915,1207 959,1186 1141,1175 1157,1189 1157,1191 1159,1191 1161,1191 1164,1191 1166,1191 1217,1173 1472,1170 1472,1147 1461,1087 1417,1099 1417,1104"/>
        <Baseline points="204,1225 411,1216 1033,1159 1472,1147"/>
        <TextEquiv conf="0.9804743543649331">
          <Unicode>s testes des paiens ⁊ le maistre ceruel</Unicode>
        </TextEquiv>
      </TextLine>

      
      
      <TextLine id="eSc_line_35734141" custom="structure {type:default;}">
        <Coords points="1451,1150 1438,1161 1382,1154 1380,1154 1378,1154 1336,1170 1168,1166 1092,1166 1090,1166 1040,1177 1005,1184 987,1182 954,1175 952,1175 950,1175 947,1175 931,1184 908,1200 803,1202 793,1196 789,1191 786,1191 784,1191 782,1191 780,1191 757,1198 740,1205 731,1200 710,1191 708,1191 706,1191 704,1191 655,1205 612,1198 600,1200 593,1200 556,1214 531,1223 506,1219 469,1209 464,1212 448,1212 432,1223 421,1232 165,1244 170,1288 172,1320 236,1304 271,1313 273,1313 276,1313 283,1313 556,1283 621,1290 623,1290 625,1290 628,1290 630,1290 664,1267 704,1276 706,1276 708,1276 710,1276 766,1260 814,1274 816,1274 819,1274 906,1253 936,1269 938,1269 941,1269 943,1269 1014,1242 1553,1228 1553,1200 1541,1138 1479,1159 1463,1147 1461,1147 1458,1147 1456,1147 1454,1147 1451,1147 1451,1150"/>
        <Baseline points="170,1288 492,1269 1060,1216 1553,1200"/>
        <TextEquiv conf="0.9841037875130063">
          <Unicode>et quant heuris be uoit sya dit sans rapel</Unicode>
        </TextEquiv>
      </TextLine>

      
      
      <TextLine id="eSc_line_e06acef9" custom="structure {type:default;}">
        <Coords points="1463,1205 1463,1207 1458,1212 1449,1221 1435,1212 1428,1207 1426,1207 1424,1207 1421,1207 1419,1207 1403,1216 1375,1230 1318,1221 1279,1216 1277,1216 1274,1216 1226,1230 1168,1244 1150,1235 1138,1230 1136,1230 1134,1230 1132,1230 1102,1239 1072,1246 1046,1242 994,1235 991,1235 989,1235 987,1235 971,1248 961,1258 920,1260 895,1255 865,1246 862,1246 860,1246 740,1251 681,1260 678,1260 676,1260 676,1262 674,1262 667,1271 662,1278 563,1283 554,1281 526,1269 524,1269 522,1269 520,1269 517,1269 494,1285 490,1288 487,1285 467,1276 464,1276 462,1276 460,1276 457,1276 457,1278 446,1290 444,1292 271,1301 276,1343 276,1354 303,1368 306,1368 308,1368 529,1343 630,1347 632,1347 635,1347 710,1329 800,1336 803,1336 805,1336 807,1336 807,1334 823,1320 826,1320 828,1320 878,1331 881,1331 943,1327 945,1327 947,1327 947,1324 950,1324 957,1313 961,1308 1072,1306 1074,1306 1090,1317 1092,1317 1095,1317 1097,1317 1099,1317 1127,1301 1134,1299 1141,1301 1159,1308 1161,1308 1164,1308 1166,1308 1168,1308 1168,1306 1178,1299 1180,1294 1380,1285 1385,1288 1405,1297 1408,1297 1410,1297 1412,1297 1442,1283 1454,1278 1474,1281 1507,1285 1509,1285 1553,1276 1573,1271 1578,1274 1587,1283 1589,1283 1592,1283 1594,1283 1652,1269 1652,1253 1642,1198 1509,1221 1481,1209 1472,1205 1470,1205 1468,1205 1465,1205 1463,1205"/>
        <Baseline points="276,1343 563,1329 1040,1283 1652,1253"/>
        <TextEquiv conf="0.9820429072493598">
          <Unicode>ueur le roy robastre a le cuer moult loiet</Unicode>
        </TextEquiv>
      </TextLine>

      
      
      <TextLine id="eSc_line_f2ca0047" custom="structure {type:default;}">
        <Coords points="1893,1267 1870,1265 1852,1260 1336,1274 1334,1274 1288,1292 1286,1292 1283,1292 1208,1281 1205,1281 1079,1304 1076,1304 1040,1290 1037,1290 1035,1290 1033,1290 987,1308 987,1311 858,1315 862,1357 862,1386 1166,1357 1387,1359 1403,1359 1405,1359 1408,1359 1410,1359 1470,1338 1640,1336 1665,1343 1677,1347 1679,1347 1682,1347 1902,1329 1902,1306 1898,1267 1893,1267"/>
        <Baseline points="862,1357 1532,1315 1902,1306"/>
        <TextEquiv conf="0.9772515242749994">
          <Unicode>euris moult ost prendouschietoist</Unicode>
        </TextEquiv>
      </TextLine>

      
      
      <TextLine id="eSc_line_2b86c5d6" custom="structure {type:default;}">
        <Coords points="255,1403 255,1428 586,1407 589,1386 577,1340 568,1347 561,1343 554,1336 552,1336 549,1336 547,1336 497,1338 494,1338 492,1338 478,1350 469,1357 460,1350 446,1340 444,1340 441,1340 439,1340 437,1340 434,1340 418,1354 409,1361 253,1366 255,1403"/>
        <Baseline points="255,1403 589,1386"/>
        <TextEquiv conf="0.9643542302979363">
          <Unicode>igueurchi</Unicode>
        </TextEquiv>
      </TextLine>

      
      
      <TextLine id="eSc_line_3646d336" custom="structure {type:default;}">
        <Coords points="586,1389 572,1389 508,1400 473,1405 467,1403 444,1393 432,1393 416,1407 414,1407 407,1407 365,1400 363,1400 264,1416 269,1455 269,1488 648,1465 651,1465 653,1465 653,1462 655,1462 669,1444 720,1442 750,1453 752,1453 754,1453 757,1453 759,1453 759,1451 761,1451 768,1442 855,1444 858,1444 860,1444 895,1430 911,1442 918,1446 920,1446 922,1446 924,1446 927,1446 929,1446 938,1439 966,1423 1000,1423 1017,1432 1023,1439 1026,1439 1028,1439 1030,1439 1076,1428 1138,1412 1297,1405 1311,1412 1327,1419 1329,1419 1332,1419 1403,1405 1445,1396 1470,1398 1516,1405 1518,1405 1520,1405 1523,1405 1537,1393 1546,1389 1583,1389 1585,1368 1578,1322 648,1393 639,1391 618,1382 616,1382 614,1382 586,1386 586,1389"/>
        <Baseline points="269,1455 1585,1368"/>
        <TextEquiv conf="0.9894704683260485">
          <Unicode>hest fante que ne croit Ihũrist et ses lois</Unicode>
        </TextEquiv>
      </TextLine>

      
      
      <TextLine id="eSc_line_85165e2b" custom="structure {type:default;}">
        <Coords points="973,1462 973,1476 1166,1476 1168,1476 1171,1476 1171,1474 1173,1474 1175,1469 1180,1465 1187,1469 1196,1474 1198,1474 1201,1474 1272,1465 1403,1449 1461,1455 1463,1428 1456,1380 968,1419 973,1462"/>
        <Baseline points="973,1462 1463,1428"/>
        <TextEquiv conf="0.9991005957126617">
          <Unicode>pris sy tournois</Unicode>
        </TextEquiv>
      </TextLine>

      
      
      <TextLine id="eSc_line_e599f46c" custom="structure {type:default;}">
        <Coords points="154,1511 154,1534 232,1543 234,1543 236,1543 239,1543 250,1531 255,1529 271,1531 338,1538 340,1538 464,1524 526,1517 561,1520 607,1524 609,1524 612,1524 614,1524 614,1522 618,1517 625,1511 639,1517 648,1522 651,1522 653,1522 655,1522 678,1517 722,1506 814,1511 816,1478 809,1437 697,1453 618,1446 616,1446 614,1446 522,1467 485,1455 483,1455 480,1455 478,1455 427,1472 349,1458 340,1458 338,1458 335,1458 333,1458 333,1460 310,1478 246,1481 149,1469 154,1511"/>
        <Baseline points="154,1511 476,1506 816,1478"/>
        <TextEquiv conf="0.9847456723451614">
          <Unicode>Dde main au matin en</Unicode>
        </TextEquiv>
      </TextLine>

      
      
      <TextLine id="eSc_line_93d05dda" custom="structure {type:default;}">
        <Coords points="1748,1426 1658,1444 1610,1432 1585,1428 1583,1428 1580,1428 1543,1437 1470,1455 1426,1444 1410,1439 1408,1439 1405,1439 1210,1451 1208,1451 1187,1458 1155,1472 1136,1462 1132,1458 1129,1458 1127,1458 1125,1458 1023,1462 1021,1462 1019,1462 1010,1469 980,1485 931,1474 918,1472 915,1472 913,1472 911,1472 911,1474 908,1474 892,1492 837,1494 791,1483 789,1481 784,1483 761,1483 740,1483 740,1485 660,1504 637,1492 623,1494 618,1494 605,1508 540,1501 531,1504 513,1504 494,1515 372,1513 370,1513 368,1513 317,1527 273,1513 271,1513 269,1513 266,1513 264,1513 202,1534 165,1520 167,1566 167,1600 324,1582 393,1591 423,1593 425,1593 480,1586 566,1573 595,1580 614,1582 616,1582 683,1573 784,1561 837,1566 862,1566 865,1566 867,1566 869,1566 869,1563 872,1563 890,1547 938,1550 941,1550 943,1550 945,1550 957,1538 1017,1554 1019,1554 1021,1554 1023,1554 1026,1554 1028,1554 1072,1531 1090,1540 1092,1540 1095,1540 1178,1522 1208,1536 1210,1536 1212,1536 1214,1536 1217,1536 1217,1534 1233,1517 1511,1501 1550,1522 1553,1522 1555,1522 1755,1511 1755,1485 1753,1469 1748,1426"/>
        <Baseline points="167,1566 607,1550 1366,1483 1755,1485"/>
        <TextEquiv conf="0.9924572895873677">
          <Unicode>orsous aprestes frans ellrs courtois ⁊ sires</Unicode>
        </TextEquiv>
      </TextLine>

      
      
      <TextLine id="eSc_line_49af8bee" custom="structure {type:default;}">
        <Coords points="628,1550 605,1552 593,1552 572,1566 411,1575 393,1561 391,1561 388,1561 386,1561 384,1561 381,1561 340,1577 315,1566 312,1566 310,1566 308,1566 299,1566 204,1589 144,1577 149,1628 154,1667 234,1644 315,1655 317,1655 319,1655 322,1655 324,1655 388,1635 411,1644 414,1644 416,1644 418,1644 421,1644 421,1642 423,1642 432,1630 478,1644 480,1644 483,1644 559,1639 561,1639 563,1639 563,1637 582,1621 736,1626 754,1626 757,1626 768,1623 862,1600 908,1614 911,1614 913,1614 915,1614 918,1614 922,1612 975,1593 1021,1605 1028,1607 1030,1607 1033,1607 1035,1607 1044,1605 1102,1584 1157,1596 1161,1596 1164,1596 1270,1591 1272,1591 1274,1591 1279,1586 1304,1570 1332,1582 1334,1582 1336,1582 1339,1582 1362,1570 1392,1580 1401,1582 1403,1582 1405,1582 1408,1582 1421,1577 1474,1559 1534,1568 1537,1534 1530,1492 1256,1501 1254,1501 1240,1508 1219,1520 1201,1511 1194,1508 1191,1508 1189,1508 1187,1508 1184,1508 1180,1513 1171,1520 1164,1513 1161,1511 1159,1511 1157,1511 1155,1511 1065,1515 1026,1522 945,1538 908,1529 897,1527 895,1527 892,1527 890,1527 888,1527 888,1529 885,1529 885,1531 876,1543 777,1538 770,1538 768,1538 763,1538 678,1557 635,1547 628,1550"/>
        <Baseline points="149,1628 694,1603 1201,1554 1537,1534"/>
        <TextEquiv conf="0.9829377368092537">
          <Unicode>Et chi out Respondu bien dites fedel Roi</Unicode>
        </TextEquiv>
      </TextLine>

      
      
      <TextLine id="eSc_line_e41c5964" custom="structure {type:default;}">
        <Coords points="188,1699 190,1729 234,1708 243,1718 243,1720 246,1720 248,1720 250,1720 253,1720 292,1708 315,1718 317,1718 319,1718 322,1718 324,1718 338,1704 356,1715 358,1718 361,1718 363,1718 365,1718 368,1718 370,1718 375,1715 404,1697 427,1708 430,1708 432,1708 434,1708 480,1695 497,1704 501,1708 503,1708 506,1708 508,1708 510,1708 538,1701 566,1695 586,1697 648,1706 651,1706 826,1692 828,1692 862,1676 874,1669 885,1674 920,1685 922,1685 924,1685 927,1685 929,1685 929,1683 931,1683 941,1669 943,1667 1005,1658 1017,1662 1051,1678 1053,1678 1056,1678 1058,1678 1060,1678 1092,1655 1099,1651 1150,1649 1159,1651 1217,1669 1219,1669 1221,1669 1224,1669 1226,1669 1258,1646 1403,1630 1403,1614 1396,1570 1037,1586 1035,1586 1000,1600 966,1612 918,1605 862,1598 860,1598 858,1598 855,1598 835,1612 819,1621 782,1616 750,1612 747,1612 745,1612 743,1612 731,1619 715,1630 469,1644 455,1642 437,1635 434,1635 432,1635 430,1635 404,1644 391,1649 384,1646 347,1632 345,1632 342,1632 340,1632 338,1632 338,1635 319,1651 317,1655 184,1660 188,1699"/>
        <Baseline points="188,1699 754,1669 1051,1635 1403,1614"/>
        <TextEquiv conf="0.9929831868562943">
          <Unicode>enuuit ont trispassee a pie ly engloit̃</Unicode>
        </TextEquiv>
      </TextLine>

      
      
      <TextLine id="eSc_line_d060f166" custom="structure {type:default;}">
        <Coords points="170,1780 473,1780 566,1757 589,1752 602,1754 660,1768 662,1768 929,1752 931,1752 971,1734 1118,1741 1120,1741 1122,1741 1164,1718 1168,1715 1474,1697 1474,1674 1470,1639 1267,1639 1265,1639 1198,1653 1148,1662 1118,1658 1081,1651 1079,1651 1076,1651 1074,1651 1074,1653 1072,1653 1067,1660 1056,1674 975,1665 929,1660 927,1660 924,1660 922,1660 911,1667 883,1685 846,1672 835,1667 832,1667 830,1667 828,1667 826,1667 819,1674 798,1692 540,1706 508,1690 506,1690 503,1690 501,1690 499,1690 478,1708 356,1718 333,1699 331,1699 329,1699 280,1699 278,1699 276,1699 269,1701 227,1724 167,1708 170,1764 170,1780"/>
        <Baseline points="170,1764 853,1729 1086,1701 1474,1674"/>
        <TextEquiv conf="0.9836470853714716">
          <Unicode>endemain ait matin che tesitioidnt ly uois</Unicode>
        </TextEquiv>
      </TextLine>

      
      
      <TextLine id="eSc_line_25a99e80" custom="structure {type:default;}">
        <Coords points="646,1741 623,1743 607,1743 577,1747 529,1757 510,1752 499,1747 485,1750 476,1754 441,1770 402,1757 393,1754 391,1754 388,1754 365,1759 283,1780 253,1766 248,1764 246,1764 243,1764 163,1768 167,1819 167,1842 310,1830 335,1835 377,1842 379,1842 476,1826 531,1816 540,1821 554,1828 556,1828 559,1828 561,1828 582,1819 595,1812 607,1816 628,1828 630,1828 632,1828 635,1828 687,1812 697,1810 701,1812 724,1821 727,1821 729,1821 731,1821 734,1821 750,1807 752,1805 763,1807 798,1816 800,1816 803,1816 805,1816 807,1816 807,1814 819,1803 821,1800 826,1803 839,1814 842,1814 844,1814 846,1814 984,1805 987,1805 1023,1791 1042,1784 1069,1789 1129,1796 1132,1796 1134,1796 1164,1782 1180,1775 1196,1780 1231,1789 1233,1789 1235,1789 1237,1789 1240,1789 1258,1775 1260,1775 1270,1775 1346,1782 1348,1782 1541,1757 1541,1736 1537,1701 1447,1685 1445,1685 1380,1699 1341,1692 1339,1692 1336,1692 1300,1713 1297,1713 1274,1697 1272,1697 1270,1697 1267,1697 1194,1701 1191,1701 1118,1722 1088,1729 1072,1724 1051,1715 1049,1715 1046,1715 1044,1715 1007,1727 977,1738 805,1738 786,1738 784,1738 782,1738 780,1738 761,1750 743,1741 738,1738 736,1738 734,1738 731,1738 724,1741 694,1754 662,1745 648,1741 646,1741"/>
        <Baseline points="167,1819 554,1793 924,1784 1541,1736"/>
        <TextEquiv conf="0.9851460233330727">
          <Unicode>armerent no baron contre ual les herbois</Unicode>
        </TextEquiv>
      </TextLine>

      
      
      <TextLine id="eSc_line_4a5724c0" custom="structure {type:default;}">
        <Coords points="161,1872 161,1897 253,1883 287,1892 294,1895 296,1895 299,1895 322,1890 393,1876 423,1885 434,1888 437,1888 439,1888 441,1888 455,1883 487,1872 543,1879 575,1881 577,1881 618,1874 674,1862 740,1865 807,1869 809,1869 1323,1830 1323,1814 1316,1764 1111,1775 1109,1775 1106,1775 1092,1787 1042,1777 1040,1777 1037,1777 1035,1777 1035,1780 1033,1780 1021,1796 844,1803 828,1791 826,1791 823,1791 821,1791 819,1791 754,1807 713,1793 710,1793 708,1793 706,1793 676,1810 575,1805 572,1805 478,1821 464,1810 464,1807 462,1807 460,1807 457,1807 377,1823 308,1814 306,1814 303,1814 301,1814 276,1830 156,1821 161,1872"/>
        <Baseline points="161,1872 1323,1814"/>
        <TextEquiv conf="0.9733540754060488">
          <Unicode>dr escontes que fist amoris in adrois</Unicode>
        </TextEquiv>
      </TextLine>

      
      
      <TextLine id="eSc_line_4e8344be" custom="structure {type:default;}">
        <Coords points="1267,1819 1244,1819 1228,1819 1168,1837 1111,1828 1099,1826 1086,1826 1086,1828 1058,1844 1028,1833 1026,1833 1023,1833 1021,1833 1019,1833 1017,1833 984,1849 920,1839 913,1839 911,1839 908,1839 906,1839 874,1856 791,1849 784,1849 782,1849 770,1849 664,1867 635,1858 623,1856 621,1856 618,1856 616,1856 607,1860 579,1874 483,1869 444,1867 441,1867 439,1867 414,1874 354,1888 312,1881 289,1876 287,1876 211,1885 216,1931 218,1964 260,1950 381,1952 409,1952 411,1952 450,1948 586,1929 605,1936 616,1941 618,1941 621,1941 623,1941 637,1934 660,1925 699,1929 729,1934 731,1934 855,1925 858,1925 860,1925 869,1918 878,1911 908,1915 950,1920 952,1920 1173,1906 1175,1906 1214,1892 1226,1890 1258,1890 1387,1892 1389,1892 1465,1874 1465,1853 1458,1805 1385,1819 1362,1810 1357,1810 1355,1810 1352,1810 1350,1810 1346,1812 1313,1828 1267,1816 1267,1819"/>
        <Baseline points="216,1931 1465,1853"/>
        <TextEquiv conf="0.9895324279100467">
          <Unicode>x nulle crestien sur les destrierrigois</Unicode>
        </TextEquiv>
      </TextLine>

      
      
      <TextLine id="eSc_line_60ac22d7" custom="structure {type:default;}">
        <Coords points="266,1982 266,2010 577,2000 579,2000 582,2000 593,1991 605,1982 630,1989 662,1996 664,1996 667,1996 669,1996 704,1984 727,1975 759,1980 793,1984 796,1984 798,1984 800,1984 800,1982 803,1982 807,1975 812,1971 842,1973 908,1982 911,1982 913,1982 954,1966 966,1961 971,1966 987,1977 989,1977 991,1977 994,1977 996,1977 1035,1961 1046,1957 1109,1957 1283,1957 1283,1954 1380,1936 1380,1925 1375,1879 1318,1888 1309,1881 1302,1876 1300,1876 1297,1876 1295,1876 1293,1876 1274,1883 1242,1895 1217,1885 1210,1883 1208,1883 1205,1883 1164,1888 1086,1899 1060,1895 1040,1890 1037,1890 1035,1890 1023,1895 998,1908 984,1897 982,1895 980,1895 977,1895 975,1895 973,1895 971,1895 966,1899 947,1911 899,1902 878,1899 876,1899 874,1899 862,1904 830,1920 752,1922 692,1913 674,1911 671,1911 669,1911 660,1915 628,1929 549,1920 540,1920 538,1920 526,1922 425,1941 386,1929 384,1929 381,1929 379,1929 342,1945 319,1931 317,1931 315,1931 312,1931 262,1934 266,1982"/>
        <Baseline points="266,1982 793,1961 1231,1922 1380,1925"/>
        <TextEquiv conf="0.9832463562488556">
          <Unicode>de party de los apchant les murois</Unicode>
        </TextEquiv>
      </TextLine>

      
      
      <TextLine id="eSc_line_6b0c682d" custom="structure {type:default;}">
        <Coords points="1373,1925 1371,1925 1332,1938 1329,1938 1311,1927 1309,1927 1306,1927 1304,1927 1233,1931 1231,1931 1228,1931 1228,1934 1214,1945 1205,1945 1079,1941 1076,1941 1074,1941 1037,1957 1033,1957 1026,1957 964,1948 961,1948 957,1948 892,1964 883,1966 867,1966 791,1961 777,1964 763,1964 731,1975 729,1975 720,1966 708,1966 697,1966 625,1980 614,1984 582,1984 361,1984 358,1984 356,1984 354,1984 354,1987 352,1987 342,1998 342,2000 202,2005 207,2042 207,2070 361,2053 444,2058 471,2060 473,2060 476,2060 487,2056 517,2044 538,2053 545,2056 547,2056 549,2056 612,2049 752,2033 766,2040 770,2042 773,2042 775,2042 777,2042 780,2042 780,2040 782,2040 789,2030 874,2033 876,2033 878,2033 881,2033 934,2019 957,2028 961,2030 964,2030 966,2030 968,2030 971,2030 973,2028 989,2017 1072,2021 1074,2021 1076,2021 1122,2007 1182,2017 1194,2017 1196,2017 1198,2017 1210,2014 1274,1998 1334,2007 1346,2007 1348,2007 1350,2007 1359,2005 1410,1991 1578,1991 1580,1966 1576,1925 1382,1922 1380,1922 1378,1922 1373,1922 1373,1925"/>
        <Baseline points="207,2042 579,2028 1214,1980 1580,1966"/>
        <TextEquiv conf="0.9727438244708749">
          <Unicode>ntre le grant ruuiere ou ly par fu destrois</Unicode>
        </TextEquiv>
      </TextLine>

      
      
      <TextLine id="eSc_line_f05ec82d" custom="structure {type:default;}">
        <Coords points="805,2012 782,2014 759,2017 752,2017 750,2017 736,2021 701,2035 637,2026 628,2023 621,2026 598,2028 586,2042 184,2046 188,2099 188,2113 345,2122 347,2122 446,2118 448,2118 450,2118 450,2116 464,2104 464,2102 467,2102 499,2116 501,2116 503,2116 706,2106 708,2106 757,2090 768,2088 780,2090 812,2097 814,2097 899,2086 931,2081 941,2083 971,2095 973,2095 975,2095 977,2095 1030,2079 1044,2076 1086,2076 1231,2083 1233,2083 1235,2083 1237,2083 1237,2081 1240,2081 1249,2072 1251,2067 1302,2070 1440,2074 1442,2074 1445,2074 1447,2074 1447,2072 1458,2063 1463,2058 1530,2058 1532,2033 1527,1987 1456,1982 1454,1982 1451,1982 1449,1982 1440,1989 1426,2000 1412,1991 1403,1984 1401,1984 1398,1984 1396,1984 1198,1994 1196,1994 1194,1994 1194,1996 1187,2000 1173,2014 1118,2005 1079,1998 1076,1998 1074,1998 1044,2007 1023,2014 1007,2010 984,2003 982,2003 980,2003 908,2014 853,2023 844,2017 837,2010 835,2010 832,2010 830,2010 809,2010 805,2012"/>
        <Baseline points="188,2099 639,2086 957,2051 1532,2033"/>
        <TextEquiv conf="0.9784173116087913">
          <Unicode>⁊t outre le chite dencoste un petit bois</Unicode>
        </TextEquiv>
      </TextLine>

      
      
      <TextLine id="eSc_line_8c352ec8" custom="structure {type:default;}">
        <Coords points="181,2159 181,2187 1184,2129 1184,2111 1175,2056 1125,2076 1007,2065 1005,2065 1003,2065 1000,2065 998,2065 968,2086 938,2070 936,2070 934,2070 913,2070 855,2072 853,2072 851,2072 786,2095 690,2090 687,2090 554,2109 386,2099 384,2099 269,2122 236,2106 234,2106 232,2106 177,2106 181,2159"/>
        <Baseline points="181,2159 510,2152 971,2118 1184,2111"/>
        <TextEquiv conf="0.9654813966443462">
          <Unicode>e coity amons ly chlr̃s adroiss</Unicode>
        </TextEquiv>
      </TextLine>

      
      
      <TextLine id="eSc_line_8cf95324" custom="structure {type:default;}">
        <Coords points="177,2221 179,2254 1231,2185 1254,2191 1279,2198 1281,2198 1283,2198 1286,2198 1323,2187 1332,2185 1346,2185 1412,2194 1415,2194 1417,2194 1451,2180 1468,2173 1504,2175 1592,2185 1594,2185 1596,2185 1629,2168 1629,2152 1622,2106 172,2173 177,2221"/>
        <Baseline points="177,2221 641,2205 1194,2162 1629,2152"/>
        <TextEquiv conf="0.9965218861897787">
          <Unicode>Et dist a ses uarons uenes uous chy tout cois</Unicode>
        </TextEquiv>
      </TextLine>

      
      
      <TextLine id="eSc_line_87b1cc3c" custom="structure {type:default;}">
        <Coords points="200,2311 306,2306 310,2306 331,2323 333,2323 335,2323 338,2323 340,2323 342,2323 342,2320 345,2320 356,2304 409,2318 411,2318 414,2318 510,2311 513,2311 515,2311 515,2309 517,2309 524,2297 586,2306 589,2306 591,2306 621,2290 874,2288 876,2288 913,2272 968,2274 971,2274 973,2274 975,2274 975,2272 977,2272 982,2265 987,2260 1005,2265 1049,2272 1051,2272 1053,2272 1097,2258 1122,2249 1231,2247 1235,2249 1249,2260 1251,2260 1254,2260 1256,2260 1258,2260 1260,2260 1260,2258 1263,2258 1270,2247 1274,2242 1297,2247 1362,2256 1364,2256 1366,2256 1398,2240 1408,2235 1419,2237 1456,2247 1458,2247 1461,2247 1463,2247 1465,2247 1474,2237 1474,2214 1470,2171 1442,2162 1440,2162 1438,2162 1435,2162 1433,2162 1433,2164 1419,2175 1419,2178 1327,2182 1288,2182 1120,2178 1118,2178 1115,2178 1069,2194 1049,2201 1040,2196 1026,2185 1023,2185 1021,2185 1019,2185 941,2189 862,2205 800,2217 782,2208 766,2201 763,2201 761,2201 759,2201 738,2210 717,2221 602,2219 600,2219 515,2235 499,2224 494,2219 492,2219 490,2219 487,2219 485,2219 473,2224 441,2240 322,2233 310,2233 308,2233 306,2233 303,2233 303,2235 292,2247 278,2235 278,2233 276,2233 273,2233 271,2233 269,2233 262,2235 230,2249 197,2240 200,2288 200,2311"/>
        <Baseline points="200,2288 540,2279 1141,2228 1474,2214"/>
        <TextEquiv conf="0.9844492595446738">
          <Unicode>arain ꝯsre rout che seichies de mauoir</Unicode>
        </TextEquiv>
      </TextLine>

      
      
      <TextLine id="eSc_line_60548883" custom="structure {type:default;}">
        <Coords points="1741,2244 1548,2237 1546,2237 1543,2237 1541,2237 1525,2251 1516,2260 1481,2260 1461,2254 1415,2242 1412,2242 1410,2242 1408,2242 1405,2242 1405,2244 1392,2256 1385,2260 1378,2256 1362,2244 1359,2244 1357,2244 1355,2244 1352,2244 1311,2258 1302,2260 1279,2260 1159,2249 1157,2249 1155,2249 1125,2263 1023,2256 1021,2256 1019,2256 1017,2256 1017,2258 1005,2267 998,2272 980,2267 934,2258 931,2258 929,2258 901,2270 876,2281 851,2272 837,2267 835,2267 832,2267 830,2267 828,2267 823,2272 812,2281 671,2277 628,2277 625,2277 623,2277 621,2277 618,2279 598,2293 317,2300 253,2288 241,2288 239,2288 236,2288 230,2290 186,2302 174,2290 174,2348 174,2378 248,2378 248,2375 250,2375 253,2375 255,2373 273,2362 365,2369 400,2371 402,2371 757,2357 814,2350 964,2332 1012,2343 1040,2348 1042,2348 1044,2348 1046,2348 1053,2341 1069,2327 1244,2323 1274,2332 1288,2336 1290,2336 1293,2336 1295,2336 1309,2329 1329,2320 1387,2320 1403,2327 1440,2339 1442,2339 1445,2339 1447,2339 1484,2323 1500,2318 1511,2323 1546,2336 1548,2336 1550,2336 1553,2336 1555,2336 1555,2334 1571,2320 1576,2316 1585,2320 1606,2325 1608,2325 1610,2325 1760,2311 1760,2293 1755,2247 1741,2244"/>
        <Baseline points="174,2348 706,2332 1122,2297 1760,2293"/>
        <TextEquiv conf="0.9634550194377485">
          <Unicode>nes quant Il Renteront par dieu et parsentroil</Unicode>
        </TextEquiv>
      </TextLine>

      
      
      <TextLine id="eSc_line_494f71d5" custom="structure {type:default;}">
        <Coords points="209,2405 209,2435 400,2415 457,2426 462,2426 464,2426 819,2412 821,2412 823,2412 823,2410 837,2401 892,2408 911,2410 913,2410 915,2410 929,2408 980,2394 1083,2401 1104,2401 1106,2401 1129,2398 1233,2385 1265,2394 1277,2396 1279,2396 1281,2396 1283,2396 1286,2396 1290,2392 1300,2382 1318,2392 1327,2394 1329,2394 1332,2394 1334,2394 1336,2394 1341,2389 1350,2382 1553,2382 1555,2357 1553,2325 1514,2311 1511,2311 1509,2311 1396,2327 1366,2318 1364,2318 1362,2318 1359,2318 1357,2318 1346,2329 1300,2316 1297,2316 1295,2316 961,2339 862,2346 837,2343 784,2334 782,2334 780,2334 743,2346 715,2352 570,2350 490,2348 487,2348 485,2348 483,2348 478,2352 460,2362 306,2357 303,2357 301,2357 266,2369 207,2359 209,2405"/>
        <Baseline points="209,2405 1555,2357"/>
        <TextEquiv conf="0.967328626074289">
          <Unicode>uene yaux Renterons mel aurans uiauoit</Unicode>
        </TextEquiv>
      </TextLine>

      
      
      <TextLine id="eSc_line_bccbf22b" custom="structure {type:default;}">
        <Coords points="186,2470 186,2500 609,2474 763,2477 908,2477 911,2477 1033,2463 1111,2456 1122,2461 1138,2467 1141,2467 1143,2467 1369,2461 1428,2447 1442,2444 1479,2444 1700,2449 1702,2449 1705,2449 1734,2433 1734,2419 1730,2373 1635,2359 1633,2359 1566,2373 1518,2364 1516,2364 1394,2380 1378,2369 1375,2369 1373,2369 1371,2369 1240,2387 1205,2375 1203,2375 1201,2375 1042,2380 1040,2380 1014,2392 934,2385 931,2385 929,2385 927,2385 908,2398 904,2401 885,2398 782,2389 780,2389 669,2408 641,2412 554,2412 549,2410 526,2398 524,2398 522,2398 520,2398 517,2398 517,2401 503,2412 501,2417 184,2421 186,2470"/>
        <Baseline points="186,2470 1109,2431 1734,2419"/>
        <TextEquiv conf="0.9941389047822287">
          <Unicode>onquerrons le chite se che uous sambledrois</Unicode>
        </TextEquiv>
      </TextLine>

      
      
      <TextLine id="eSc_line_fcad1eef" custom="structure {type:default;}">
        <Coords points="151,2530 151,2541 188,2559 190,2559 193,2559 195,2559 269,2541 358,2555 361,2555 363,2555 423,2536 450,2548 453,2548 455,2548 529,2534 540,2532 543,2534 561,2546 563,2546 566,2546 568,2546 570,2546 602,2534 635,2548 637,2548 639,2548 780,2543 878,2527 929,2518 957,2525 973,2530 975,2530 977,2530 1012,2525 1056,2516 1065,2523 1076,2532 1079,2532 1081,2532 1083,2532 1086,2532 1113,2523 1143,2509 1217,2509 1249,2518 1272,2527 1274,2527 1277,2527 1334,2518 1421,2502 1445,2516 1447,2518 1449,2518 1451,2518 1454,2518 1587,2511 1587,2488 1580,2447 1463,2449 1456,2449 1408,2435 1405,2435 1403,2435 1401,2435 1346,2451 1334,2454 1320,2451 1281,2440 1279,2440 1277,2440 1274,2440 1240,2454 1237,2454 1235,2454 1219,2442 1217,2442 1214,2442 1212,2442 1086,2447 1083,2447 1081,2447 1081,2449 1072,2456 1067,2461 1040,2456 982,2449 980,2449 977,2449 957,2458 943,2465 901,2461 853,2454 851,2454 849,2454 830,2461 809,2470 635,2465 591,2465 589,2465 572,2467 473,2481 427,2470 418,2467 416,2467 414,2467 411,2467 409,2467 407,2470 386,2484 312,2477 310,2477 308,2477 269,2488 149,2477 151,2530"/>
        <Baseline points="151,2530 1067,2493 1587,2488"/>
        <TextEquiv conf="0.9729186763634553">
          <Unicode>Et coul out respondu du toutaure uois</Unicode>
        </TextEquiv>
      </TextLine>

      
      
      <TextLine id="eSc_line_b8185e55" custom="structure {type:default;}">
        <Coords points="255,2596 255,2622 471,2624 473,2624 476,2624 478,2624 490,2615 499,2610 554,2612 614,2615 616,2615 669,2608 747,2599 775,2605 798,2610 800,2610 803,2610 872,2601 968,2589 1037,2596 1074,2599 1076,2599 1079,2599 1095,2594 1132,2582 1254,2589 1288,2589 1290,2589 1293,2589 1300,2587 1325,2576 1525,2578 1527,2548 1520,2504 1419,2507 1417,2507 1396,2495 1394,2495 1392,2495 1288,2509 1274,2511 1265,2511 1201,2500 1198,2500 1196,2500 1166,2513 1155,2518 1136,2513 1097,2507 1095,2507 1046,2516 1010,2525 994,2518 977,2511 975,2511 973,2511 971,2511 968,2511 968,2513 966,2513 961,2520 954,2527 936,2520 911,2511 908,2511 906,2511 782,2525 630,2541 469,2534 416,2532 414,2532 411,2532 409,2532 407,2536 386,2550 250,2541 255,2596"/>
        <Baseline points="255,2596 1150,2555 1527,2548"/>
        <TextEquiv conf="0.9855515437248425">
          <Unicode>nsy sist amoris qui tant par fuiourtoit</Unicode>
        </TextEquiv>
      </TextLine>

      
      
      <TextLine id="eSc_line_a8796dc2" custom="structure {type:default;}">
        <Coords points="165,2658 165,2677 257,2674 260,2674 280,2688 283,2688 285,2688 287,2688 345,2686 347,2686 349,2686 349,2684 352,2684 361,2672 391,2672 710,2672 713,2672 715,2672 717,2672 731,2661 740,2654 835,2651 855,2658 874,2663 876,2663 878,2663 881,2663 897,2656 913,2649 943,2656 975,2661 977,2661 980,2661 1005,2654 1035,2645 1122,2649 1196,2654 1198,2654 1201,2654 1226,2647 1265,2635 1316,2645 1336,2647 1339,2647 1341,2647 1352,2642 1387,2631 1569,2635 1571,2612 1566,2569 1320,2559 1318,2559 1316,2559 1313,2559 1313,2562 1300,2573 1210,2573 1208,2573 1205,2573 1203,2573 1196,2578 1189,2582 1184,2578 1173,2569 1173,2566 1171,2566 1168,2566 1136,2566 1134,2566 1132,2566 1104,2580 1090,2587 1060,2582 1019,2573 1017,2573 957,2585 890,2596 851,2587 844,2585 842,2585 839,2585 837,2585 835,2585 832,2587 812,2599 773,2587 750,2582 747,2582 745,2582 743,2582 740,2582 740,2585 736,2589 729,2594 635,2592 561,2589 559,2589 490,2594 487,2594 485,2594 457,2615 283,2619 241,2601 239,2601 236,2601 161,2601 165,2658"/>
        <Baseline points="165,2658 1341,2612 1571,2612"/>
        <TextEquiv conf="0.9719562161536444">
          <Unicode>Et henrie deu ile gere et auchoine dy Rais</Unicode>
        </TextEquiv>
      </TextLine>

      
      
      <TextLine id="eSc_line_c13fd087" custom="structure {type:default;}">
        <Coords points="147,2718 147,2732 195,2748 197,2748 273,2750 276,2750 278,2750 310,2734 363,2748 365,2748 368,2748 740,2737 743,2737 803,2718 865,2732 867,2732 869,2732 872,2732 904,2711 934,2730 936,2730 938,2730 941,2730 943,2730 945,2730 973,2709 973,2707 1060,2707 1251,2702 1270,2714 1272,2714 1274,2714 1277,2714 1279,2714 1320,2700 1343,2716 1346,2716 1348,2716 1350,2716 1352,2716 1428,2695 1431,2695 1433,2695 1514,2704 1516,2704 1612,2688 1612,2668 1608,2617 1546,2617 1543,2617 1541,2617 1539,2617 1516,2633 1502,2622 1500,2622 1497,2622 1495,2622 1493,2622 1440,2642 1327,2642 1306,2624 1304,2624 1302,2624 1300,2624 1281,2626 1171,2638 1058,2631 1033,2631 1030,2631 1028,2631 1023,2633 998,2642 959,2633 947,2633 945,2633 934,2635 858,2654 809,2638 805,2638 803,2638 800,2638 798,2638 796,2638 796,2640 759,2663 476,2670 462,2658 460,2658 457,2658 455,2658 453,2658 427,2670 395,2658 393,2658 391,2658 271,2677 144,2658 147,2718"/>
        <Baseline points="147,2718 658,2711 961,2688 1612,2668"/>
        <TextEquiv conf="0.972283355700664">
          <Unicode>ui est sains appelis Pardedeus uiennois</Unicode>
        </TextEquiv>
      </TextLine>

      
      
      <TextLine id="eSc_line_62ad34dc" custom="structure {type:default;}">
        <Coords points="427,2783 407,2783 391,2796 347,2787 345,2787 342,2787 340,2787 326,2799 308,2785 306,2785 303,2785 301,2785 299,2785 253,2799 151,2789 154,2831 154,2858 701,2852 766,2835 770,2835 786,2847 789,2847 791,2847 793,2847 908,2833 1014,2840 1017,2840 1120,2824 1198,2833 1201,2833 1484,2808 1484,2789 1477,2750 1313,2760 1297,2755 1277,2748 1274,2748 1272,2748 1270,2748 1247,2755 1228,2762 1191,2757 1145,2753 1143,2753 1109,2760 1063,2771 1040,2762 1026,2757 1023,2757 1021,2757 1019,2757 1017,2757 1012,2762 1003,2771 977,2764 968,2762 966,2762 964,2762 961,2762 954,2764 931,2776 885,2766 878,2766 876,2766 874,2766 869,2766 826,2783 520,2792 441,2783 427,2783"/>
        <Baseline points="154,2831 602,2831 1484,2789"/>
        <TextEquiv conf="0.9627377837896347">
          <Unicode>Et saraiin isoient ra fugrans lytournois</Unicode>
        </TextEquiv>
      </TextLine>

      
      
      <TextLine id="eSc_line_fe60d13b" custom="structure {type:default;}">
        <Coords points="1700,2799 1520,2796 1518,2796 1516,2796 1493,2806 1472,2815 1203,2822 1127,2815 1069,2810 1067,2810 1030,2817 994,2826 968,2819 952,2815 941,2815 931,2819 908,2831 876,2822 867,2819 865,2819 862,2819 839,2822 823,2822 805,2822 793,2824 784,2824 501,2845 462,2833 460,2833 457,2833 455,2833 427,2847 326,2835 308,2835 306,2835 303,2835 301,2835 301,2838 285,2852 250,2838 248,2838 246,2838 243,2838 149,2840 151,2886 151,2909 457,2921 460,2921 462,2921 464,2921 483,2909 586,2914 589,2914 591,2914 632,2898 648,2893 699,2898 837,2909 839,2909 842,2909 844,2909 869,2893 881,2886 943,2891 1067,2902 1069,2902 1274,2895 1346,2881 1403,2870 1472,2870 1488,2877 1500,2886 1502,2886 1504,2886 1507,2888 1553,2888 1553,2886 1555,2886 1557,2886 1571,2877 1592,2863 1631,2875 1649,2879 1652,2879 1654,2879 1656,2879 1670,2875 1688,2865 1705,2872 1709,2842 1705,2803 1700,2799"/>
        <Baseline points="151,2886 540,2884 1709,2842"/>
        <TextEquiv conf="0.9854257938473724">
          <Unicode>De cr̃opes dolifans de corps̃ frasmois dars</Unicode>
        </TextEquiv>
      </TextLine>

      
      
      <TextLine id="eSc_line_03294fff" custom="structure {type:default;}">
        <Coords points="874,2872 846,2888 736,2877 724,2879 710,2879 708,2879 699,2891 678,2881 676,2881 674,2881 671,2881 644,2895 605,2886 602,2886 600,2886 379,2904 126,2898 128,2941 128,2969 660,2964 766,2950 789,2948 800,2948 855,2955 858,2955 860,2955 862,2955 872,2946 876,2944 904,2946 991,2953 994,2953 1053,2941 1074,2937 1118,2939 1249,2944 1251,2944 1316,2932 1339,2927 1357,2930 1403,2937 1405,2937 1520,2923 1520,2900 1514,2852 977,2884 881,2872 874,2872"/>
        <Baseline points="128,2941 625,2939 1520,2900"/>
        <TextEquiv conf="0.9210288120433688">
          <Unicode>arahin cõmencherent atrere ⟦Res turcois</Unicode>
        </TextEquiv>
      </TextLine>

      
      
      <TextLine id="eSc_line_d4eec91a" custom="structure {type:default;}">
        <Coords points="236,2989 239,3024 276,3008 349,3022 354,3022 356,3022 494,3019 497,3019 499,3019 499,3017 517,3003 621,3017 635,3017 637,3017 715,3015 717,3015 720,3015 747,2994 941,2992 1053,3001 1056,3001 1113,2989 1191,3003 1194,3003 1196,3003 1263,2985 1320,3001 1323,3001 1325,3001 1327,3001 1369,2985 1534,2996 1539,2996 1541,2996 1543,2996 1546,2996 1571,2978 1642,2994 1647,2957 1640,2916 234,2948 236,2989"/>
        <Baseline points="236,2989 1647,2957"/>
        <TextEquiv conf="0.9863003025884214">
          <Unicode>e chil de cha uroioient a forche fusez recgois</Unicode>
        </TextEquiv>
      </TextLine>

      
      
      <TextLine id="eSc_line_ef7938cf" custom="structure {type:default;}">
        <Coords points="1115,2971 1113,2971 1111,2971 1088,2983 899,2978 897,2978 895,2978 892,2978 892,2980 881,2989 832,2978 830,2978 828,2978 826,2978 731,2999 651,2989 648,2989 646,2989 644,2989 644,2992 641,2992 635,3003 556,3003 513,2987 510,2987 508,2987 506,2987 503,2987 503,2989 487,3003 294,2994 292,2994 289,2994 248,3010 227,2994 225,2994 223,2994 172,2994 174,3047 174,3084 549,3081 552,3081 554,3081 554,3079 556,3077 566,3070 598,3077 614,3079 616,3079 618,3079 630,3077 667,3063 690,3075 697,3077 699,3077 701,3077 704,3077 715,3075 777,3056 828,3072 832,3072 835,3072 837,3072 839,3072 842,3072 842,3070 865,3052 934,3052 1125,3052 1148,3063 1150,3065 1152,3065 1155,3065 1157,3065 1159,3065 1166,3063 1212,3045 1249,3045 1267,3061 1270,3061 1270,3063 1272,3063 1274,3063 1277,3063 1279,3063 1286,3061 1325,3042 1364,3058 1373,3061 1375,3061 1378,3061 1398,3056 1445,3047 1491,3054 1493,3015 1481,2962 1456,2978 1366,2969 1364,2969 1362,2969 1359,2969 1359,2971 1348,2980 1228,2976 1226,2976 1224,2976 1187,2987 1118,2971 1115,2971"/>
        <Baseline points="174,3047 1493,3015"/>
        <TextEquiv conf="0.9781379565596581">
          <Unicode>la cõmencha uataille e corible cournois</Unicode>
        </TextEquiv>
      </TextLine>

      
    </TextRegion>
    
    <TextRegion id="eSc_textblock_8e088769"  custom="structure {type:text;}">
      <Coords points="1546,524 1624,542 1633,614 1578,696 1525,706 1488,687 1488,570 1546,524"/>
      
    </TextRegion>
    

    
  </Page>
</PcGts>
