3104 4140
1357 977 2731 1081 Enant le rome let se deuint esploura
1454 1048 2860 1145 e luy a dit en hault le cose est malealee
1382 1120 2765 1200 ar lenfant ay per du par malle destines
1380 1163 2381 1235 Qu sinatour ly a le cose R corde
1405 1209 2689 1290 et quant ly rois loy sa le coulour muee
1461 1242 2901 1363 uant heurie dengliterre et le dacue pler
1403 1313 2600 1414 Et du faux sinatoir le uerite ꝯter
1396 1375 2632 1462 dont on cõrencha rorment a soupirer
1396 1416 2765 1527 le remon Rome dist sans poiit delarester
1373 1488 2722 1577 nadame Ie peran mes messagurs aler
1389 1534 2873 1630 dar ample le pais pour Roy ꝯstont trouuer
1382 1582 2942 1697 far bien scan quil uous quiert mais ne puisassenez
1401 1655 2549 1736 e lier la ou Il est ne ou uoltarmer
1309 1706 2738 1793 Pour uostre corpt querese mist Il en le mer
1334 1747 2811 1858 Asire ast le dame ie ueul a uous pl parler
1343 1821 2827 1911 Ie uo moullier elame con fist un brachcoper
1352 1879 2703 1971 Iar naune lonc caups que se uint osteler
1348 1936 2581 2017 Ie dens leste lerie q uauoieagounreuer
1421 1977 2919 2081 maux prit le Rome qui le sist il aꝯister
1366 2042 2682 2134 Et quant senty le mal qui le uot apresser
1313 2099 2772 2196 Cpu estre et fon estat me uolt tout Recorder
1323 2157 2735 2258 Cõment ly roit ses peres le uoloit espouser
1382 2224 2837 2323 õment, uous le trouuastes de la le haulte mer
1325 2297 1341 2362 ¶
1350 2283 2705 2371 rõment uouu le presistes et elle uous aper
1375 2348 2648 2431 oment uour lu uolsistes amartire sinrer
1357 2394 2549 2486 ⁊t enuoiastes bruf con ot fait seebler
1362 2442 2567 2546 Lon le mesist en si et se fist enbraser
1316 2500 2745 2605 fois che fu une chose dont faiter a blasmner
1385 2550 2648 2656 ne sans cause uolies uo mouller affiner
1366 2610 2613 2720 e coute de clocestre en fist noult albber
1369 2665 2731 2787 ar Il ardy se mepchir poir le dame sauuer
1366 2727 2581 2822 ⁊ mist en un uastl le rome au uis cler
1332 2776 2659 2868 aueut ses deux enfans que uostes engenrer
1302 2831 2613 2918 Et a lun des enfant fist on le brachtrer
1311 2886 2639 2971 Elle les aperdus ne les scet ou frouuer
1405 2946 2747 3038 ⁊quoy elle ne cesse nnt et iour de plourer
1300 2999 2611 3100 Qt uis che dist heurit or saige bien au cler
1297 3061 2583 3160 tue urisses et martins ly psus bacelirs
1286 3123 2818 3213 Gout au doy my enfant se les dey moultamer
1304 3187 2411 3254 Qr des uoran aler baisceret asoler
1302 3215 2795 3339 Et se ħ archouesque que tant fait a doubter
