3104 4140
1343 947 2818 1051 iamais ne simiray en nul ioir de ma uie
1426 1011 2595 1104 ant qet nroure aray le roint iobi
1401 1069 2988 1163 uant en paper lerent tous ln sausln freme
1364 1115 2913 1239 Piaux fieus dist la pestoles soy que don pte e
1341 1179 2551 1278 Icellet dame chy su mar moy uare
1426 1246 2551 1338 N rRõme ma chie Amora une ẜ
1389 1301 2816 1393 uene un sinatouer qui est d grant ligue
1382 1352 2970 1455 Nrs del enfait quebe at nen est royuile ou
1327 1416 1378 1504 ¶
1398 1423 2820 1508 equant dy lentent ous ly saus lirfremie
1456 1481 3014 1570 gant astaurot lestle pape sy factemet ꝑle
1424 1540 2949 1630 de ly dist haultement fant poutt de larester
1387 1589 2770 1701 ame peree faites noy che finatour mande
1325 1655 2968 1759 Bamr freux dist lipostolel uoir il nequet aler
1389 1724 2696 1812 ar yceste roure qui tant fait q loe
1382 1780 2949 1876 uant elle ot iut densant sy con loy conter
1520 1833 2745 1938 dun sinatour le sieu enfant leuer
1323 1906 2797 2007 Et de se fame oussi pour ꝯmere clainer
1332 1980 2758 2065 Eet se lame morat ⁊ puis sans arester
1320 2026 2878 2129 Oy uault le sinatour ceste dame enamer
1339 2083 2708 2180 et se le uaut hõnir ⁊ luy deshõnerer
1302 2139 2993 2244 Mes dieux telle uertas mult illeuc moustre
1396 2210 2986 2309 ne une rande auracleriue on eoit ⟦edoul
1332 2267 2643 2362 Larde sinãtour sistardoir et embraser
1127 2323 2784 2438 mouli¶et de cel malodi ue fist dieu alumer
1323 2385 2521 2481 Qui cuida,t sbien morilet subiter
1396 2447 2917 2534 Ie y alay uiaustre cor on me fist maider
1288 2516 2662 2601 Fant qriay aihũs qi tout a asamer
1281 2571 2671 2665 Ruil fist be sinagour q grer ⁊ Rapasser
1371 2631 1461 2741 40
1560 2628 2846 2725 se maladie le list a dont saier
1320 2695 2876 2787 cheuanhe achirual auret ne puet aler
1304 2750 2731 2858 Chy le feran uenir se pores de mander
1313 2817 2676 2921 lestat de se roueque tout pocramer
1281 2872 2959 2996 Lamo prereldt dist constanas ieus uoꝰ puist hõi
1293 2946 2724 3061 Dont fist iy ãpaostoles le sinatour mander
1371 3024 2834 3118 t le fist la uener saus point de lirester
1617 3084 2761 3180 ut acheual ⁊ puiũse fist porter
1293 3150 2933 3293 Qu qalus larꝓrostoleqne dieux qlust hduire
