3104 4140
1500 591 1599 699 23
218 701 1449 800 Aui nͨ nulle turs de le ieste mahon
213 772 1824 887 Conduissoit pour greuer les gens ait ron ihe sũ
211 834 1601 931 Ehil salirent auant quant uirent ie bezoy
218 887 1265 968 la Rendirent estal par tel deinsion
223 947 1608 1039 Sux ly frans apostoles que climens ot auon
213 1009 1511 1099 Et ly uons Rois heuris ⁊ ly auke baron
207 1071 1495 1159 Ecournerent arriere ou uausize ou non
220 1129 1477 1216 En rõme sout eulre sans nul arestison
223 1182 1445 1288 Et la les encentrerent ly saraiini felon
225 1239 1431 1345 Et assalirent Rõme entour ⁊ enuiron
232 1283 1601 1396 Mes che ne leur ualy le moute dun bou ton
234 1345 1461 1460 Car al met conquis uaillant un espporon
232 1432 1369 1511 poy bntor Rtourna ase malaichon
220 1490 1426 1577 As tentes et al tres dent il y ot lusou
220 1540 1433 1630 Retournerent paizen ny font de morisde
227 1591 1527 1692 Et ly paprs rentra dedeus se mansion
225 1658 1421 1750 Et heury le bon coy dessendy ou peroni
223 1706 1548 1816 Eu se cambre parer desuest le haubrechon
202 1761 1702 1872 Mar deuant une ymage ⁊ fait poser sen blanson
253 1823 1560 1931 la endroit prent ly rois telle cõpolasion
234 1881 1688 1994 Tuil na coure ameudier le moute dun bouton
225 1945 1392 2037 EEnsy remest henry uae longe saison
234 1984 1442 2106 a rõme le chie pour le gent baraton
250 2037 1382 2164 pu le loy Ihũ crist qui souffen passi on
246 2118 1357 2214 Uoloient ameurir par leur possession
232 2178 1511 2274 Et esseilier le uile que tautade renon
232 2231 1449 2332 ires henrisz dengletrere en fist deffeusion
232 2281 1493 2375 Lar si neuist este bien dre le pbeult on
227 2334 1256 2435 Ie uille eust este nuse a destruction
223 2352 1776 2502 Ies moult en eult demauxx senfist mante tenchon
299 2419 1440 2548 t souuent en uesty le haubert fremillon
216 2486 1645 2612 Pour soustentr be le lon et droituriz raison
289 2562 1516 2658 e de cous lel a ssais faisoie mensien
230 2622 1514 2711 Ie uous Porou trop a loncxer no cauclion
209 2700 800 2776 auz Ie uouez dcez
1382 2681 1587 2760 aiforr
312 2737 1562 2835 trelame le roine souffrr en le saison
287 2789 1603 2893 et par le fausse dame le mere sen baron
269 2845 1619 2964 e dame est enchainte siques bien le uoit on
368 2902 1587 3010 Quant il plot a dueu que souffry passion
253 2983 1380 3077 Ie dame deliura ocluf de le saison
172 3104 1500 3210 t Iuansz Ie uous ex lairan Il y a crcoison
211 3169 1394 3295 Se uous uoray ꝯler le gramex trayson
1707 1205 1734 1246 3
