3104 4140
179 936 1725 1069 t trois paires de murs ains ꝯy peuist entrer
207 1025 1244 1113 tcerues y ot la on on puet aler
200 1076 1553 1175 keues desons terle aina con uoirqe cler
135 1140 1385 1216 liuue des aterues dont uous mors couter
119 1191 1408 1276 Ennerent saragni poinrcrestien greuer
310 1237 1504 1336 lue deli citerues dont ie fan mendon
257 1290 1560 1389 Entra ly le Rois hurtans que aier at de lion
172 1354 239 1449 X
294 1366 1113 1462 pauna qui creoient mabon
172 1423 1327 1513 uerit les cõfunde qui soulfri pasion
177 1467 1589 1568 aut uout par le aterne tout de soua le sa uion
170 1524 1684 1619 quil sont uenu aux camps dont furent di qnchnon
167 1593 1348 1672 euet amout en lerque ueir lepuet o
156 1635 1716 1722 ausque Riens on freit seuissent noz rrestiens baron
161 1697 1221 1796 urent Il assalie de le iesselualon
156 1750 1495 1865 res centes et aucubes du furont no baron
172 1810 1251 1922 urent faffalit de le Ieste ma hon
172 1874 1256 1977 etoient et copoient a leur deision
161 1925 1350 2035 nais ly uera amoris qui cuer ot de lion
181 1987 1447 2081 lieux estois armes par dessus laragon
223 2051 1398 2145 sauoit a son cal ly uaissains un ulason
163 2116 1408 2210 e compaigne fi dor sy auoit ou moilon
181 2162 1366 2258 ymaige de uoir alefourme mahon
186 2212 1753 2323 e deseurẽfu dieux darent failt sans laiton
184 2277 1290 2385 un des eure mahon auoit possession
161 2339 1615 2431 ⁊ pour che que no loy ot ana ẜ sentension
110 2389 1573 2507 Auoit muẜ maisõmet desons les pres Ihm
234 2454 1433 2546 ouli estoit amorũ en betai ¶ hardis
1700 2465 1847 2578 uemo
230 2511 1649 2610 uant uoit  les saraquessy escourds
225 2569 1502 2658 e Retourne a eux tame leux abreuil
218 2617 1339 2714 merestiens los ta ly uera requies
140 2681 1477 2773 a Ra grans by assaux et siers ly crigelis
177 2741 1670 2833 ⁊ daue part et daullre en yot cõe dochis
158 2806 1675 2895 due couuert en estoient bel q lams et les laris
161 2856 1394 2953 le Rescouse uint ly Riches pois heuris
142 2921 1502 3012 et auchoure ly bers qui tant estoit postais
144 2976 1550 3065 nous ly fors qur taux est ou moilon salis
144 3033 1421 3132 lt resgasia les os de ses gons fu siemes
156 3102 1569 3192 de nohent emna anques des pluccesas
209 3164 1615 3263 era castre sen rrparrer poians et esbaubilr
179 3213 1283 3307 n le chir dennra auent ses spar
