3104 4140
163 894 1265 1000 at asses a uiure pour bien longe saigoni
906 924 1914 1046 ooꝰ diray ꝯmet ne parquel le faiclio
154 1007 1196 1120 tour fu a pogent et lr castiel enson.
144 1062 1277 1173 Roy hrury ung qour fist seu erta ulison
133 1110 1601 1228 a saly lta/a forche et abaudon  cantin
98 1182 1180 1269 ment luy ot authoir le nobile uargi
138 1221 1265 1315 fu uenuil morans olui de gent̾r foison
115 1253 1477 1380 les par dediis rimiere Sont fait ẽt le dongon
124 1311 1389 1435 ⁊ lissiet i mille hõme ghardant le maisoñ
110 1370 1191 1492 thouris qr qure i hũeist et sen nou
112 1405 1608 1545 eur sil nauoit cantin aprochame ¶ dagoe saison
138 1488 1237 1598 lairoit le pail fust folie ou Raison
110 1543 1387 1655 dour che y uint morans qui auoit sou pechon
144 1600 1175 1708 castel assalirent par tel deision
101 1660 1235 1770 lonques d tel assault a parler noydii
142 1699 1617 1819 oult fu grans ly assaulx que che poͬ cõmencha
126 1768 1410 1876 Et ly boue roist heuris sle gont y amena
117 1823 1320 1931 t ly sonter morant oles sieus ꝙ ouura
119 1883 1293 1998 y ar ualestre traient et decha et dela
126 1943 1396 2063 y gainr fu lassus qui ses gens Relercha
121 2007 1231 2104 es freres ma lores maleme se pena
117 2074 1553 2185 noult fu fure et poissant et bel hõme en lya
131 2134 1194 2247 ueissies assault que churement cousta
128 2198 1525 2306 hil du castile traioient maint dot y oc que ieta
128 2260 1398 2359 uerser et grant crullaux qui estoit droit a
121 2318 1228 2415 et sy ban crestien qui sont oles dcha
124 2373 1373 2477 emplisont les fosses drarbres con copa
126 2431 1445 2534 epierreu et de terre contasses on trouua
115 2493 1474 2587 ei puiir iusquer̾amure cascun daux senala
105 2555 1454 2642 de qn quel et de hauriz a mure ou martela
119 2612 1488 2700 Nes cestoit pour noient que no gent se pena
174 2665 1412 2762 fors fu machõnrs que ly fere rbroussi
144 2725 1502 2812 ⁊ quant hourie uoit che formẽt sesmerulla
121 2787 1398 2875 porter fist esquielles sur quoy on monta
128 2840 1461 2930 nres ly Relon gaians dfendie leur uora
186 2895 1415 2992 casul d caittu fu moult fiers lyassaulx
174 2953 1635 3058 los fosses romplipiout d marei et debansi
151 3019 1755 3111 t qus uiurent au ꝙ mur fraper de qant martanx
138 3081 1619 3160 dour a ppisier les muri but haiceset qnquan
138 3118 1748 3249 nes cestoit faust paison trop foit sont d iureiꝵ
