3104 4140
1392 646 1780 719 lo et defra
1311 673 2508 793 Tout ly ix messagier sons en prisdo donte
1258 786 2666 876 Iusqua ix en y uint auant scachies en uerite
1323 839 2883 959 ⁊ quie plus uint auant et pplus sont desgnise
1279 903 2528 1021 Ly mandement obsciert sont en prison
1297 959 2786 1094 et ly quens de clochestre a haulte ment parle
1364 1037 2537 1147 dist seigneur baron ie dy en uerete
1254 1097 2457 1207 Morir fault le rome trop a uous areste
1451 1131 3011 1267 uray dient in princlie le fait fault Ieter oultri
1288 1212 2733 1336 y contes prist la dame uoiant tout le barire
1260 1281 2533 1396 Et dist damce roiaux oroyes men Peus
1265 1315 2880 1478 Ay rois uoeul con uous arde nous lauons bren proune
1256 1377 2802 1540 Par les uries quil enuoie que sont bren saiele
1254 1453 2630 1607 Iles foy que doy adieu que unt aestore
1247 1552 2779 1651 nie uous arderay mie quil nen ert retourne
1247 1605 2733 1715 un meubre de uo corps quely aray moustri
1224 1646 2772 1789 Ung ache brant dachier a tantost demand
1433 1708 2774 1833 uns siens cambreleus ly atantos lire
1371 1770 2731 1902 le ieta du fourcl se ieta grant clarece
1244 1826 2816 1975 Par deuant le uarnate que on et assamble
1254 1899 2758 2037 A pris le daeskre grac le dame ocorps seue
1260 1966 2648 2106 Ou ly amaux estoit dequoy lot esponsi
1272 2033 2756 2166 ly riclrs rois qruris outant ot loyante
1260 2095 2687 2242 Dui quu soit nul mot de coste faussete
1327 2162 2814 2297 t ly quous de clochestre a tost le brat cõbre
1336 2244 2653 2373 illement le fury de sen brant a file
1281 2297 2850 2440 Que par deuant le peuple ly a parmy co pe
1302 2366 2630 2495 e dieux que le rome ahaultement crie
1242 2403 2903 2571 Par deuant tout le peuple asy grant ery iete
1265 2479 2816 2633 ꝑue trestoit que la sont en ont Nestout ploure
1290 2536 2657 2691 et diont sire dieus peres de sainte Rrunte
1251 2670 1578 2753 Onques u
1382 2656 2450 2785 oult fu esbaliy lebaroni cheualier
1320 2711 2671 2872 Dames cheualireuses sergans et escuier
1320 2773 2650 2930 in la goine uirent ainsy le bracs Nenchiez
1274 2863 1304 2921 ¶
1281 2856 2372 2980 et sy hideusement escrier ⁊ noisier
1263 2879 2740 3040 Eta dame dieu de glore reclamer ⁊ luquier
1921 2941 2832 3047 elame con mertel rocõtner
1277 2987 1843 3093 Eet dieux chie dis
1267 3001 2797 3178 suy rois de uenaire firux de noble prinehier
