3104 4140
1286 988 2250 1085 Auous trestous generalement
1357 1099 2206 1182 dgne corpe tresuet et pur
1449 1044 2179 1140 laissie cha qus ensement
1281 1147 2146 1225 puus esmere que or ne asur
1325 1200 2181 1283 dui le sien corpi auoit porte
1336 1258 2047 1329 ule et palais ln auoite
1293 1297 2204 1398 E he su Ie camepe et se coarture
1346 1359 2174 1455 n qui ix mois prist se gesme
1468 1400 2287 1497 peist char materuellement
1375 1465 2149 1559 sant et uie proprement
1242 1517 2027 1607 Caus le uieruuce tolir
1348 1580 2151 1660 le caste en rieno ameuri
1297 1637 2197 1729 Cõment poroit Il dout souffre
1277 1690 1348 1775 D
1398 1695 2238 1775 telle chair en ceree pourir
1306 1747 2264 1833 pi que de uers fust demangoe
1387 1800 2202 1885 char dont ot este moiczi
1281 1853 2130 1943 Gumainte et sa iouueule
1346 1897 2231 1998 Et sest sur rontes exccblente
1300 1964 2119 2051 Farelle estoit pres destiuee
1286 2028 2077 2104 paa ame quelle fust mee
1311 2079 2367 2159 our estre adiou auchelleetmere
1277 2129 2195 2214 par le grasse du hantainpere
1334 2221 2457 2325 oll digne et ⟦ar uraie experienche
1440 2189 1468 2272 x
1491 2182 2091 2270 pece plain cde sienche
1371 2295 1992 2369 prophensserent amsi
1327 2336 2086 2419 ar a dieux che fait acõpiy
1359 2394 2084 2467 pres cht que parle auoit
1348 2426 2346 2532 Sams e thunas ai a postlenrois
1293 2484 1801 2562 Une miee le army
1283 2530 2192 2612 ui tantost lenporta auent en
1350 2580 2151 2672 iide dont Il fu uenus
1343 2631 1976 2723 a de mist la miec mar
1343 2677 2268 2771 t tous les aultres ensieuant
1277 2681 1309 2796 d
1329 2730 1967 2810 nala la merportant
1323 2776 2215 2861 opaa emsamrble mairespare
1334 2831 2213 2900 arent adont en amenite parie
1300 2881 2204 2964 Or est Roisons que ie uoi̾ die
1274 2937 2275 3008 Ie la doulche uergenemarie
1279 2985 2298 3065 qui eschiem moutoita grant pou
1286 3035 2298 3107 Elle si entcbien trointer de uou
1318 3088 2220 3162 u hault troue ou elle monta
1297 3139 1994 3206 io. paires de chieus tre
1369 3162 2151 3259 en cascun certatuemetalt
1293 3231 1944 3371 fa festulno s lemen
