3104 4140
1346 793 3016 915 e leie ot en conuẽt que quauent yams demora
1339 867 2512 961 ant que alee Ihr̃lmmn acquitee sera
1318 919 2740 1007 or aproche le tamps que eury laura
1323 982 2731 1074 t quamoris descoche balanchier sesera
1334 1035 2722 1136 ruices fers de glanes ou on le leuera
1323 1092 2597 1182 hr̃li le uille par cherpoint perdera
1339 1138 2906 1239 dar n fois fu conquise seigneur parche fait la
1263 1133 1288 1216 6
1357 1205 2867 1301 ar qu tamps dedefror que uiulon gouurena
1332 1262 2577 1352 Ruile uille conquie auenques luy alã
1348 1320 2630 1416 In noble cheualier quẽsẽmẽt yentra
1339 1375 2869 1476 dour che que .I. istoire auoit lent paecha
1355 1444 2551 1529 u uaissel amoury qui ensy en ouura
1339 1488 2643 1589 e cheluy chenalier quã sy sauẽcura
1343 1543 2788 1639 he lu thpomas de auarle ensy con lapela
1309 1607 2673 1692 Res le beramoury le fait en cõmencha
1300 1658 3000 1759 sar che fu ly paus Meux quien cle tampea
1297 1724 2968 1828 le orques cheuolier tangee maux nendura
1323 1798 2715 1883 dine fist amoury que Ihũs taut tama
1336 1830 3025 1943 une en reclupt le rmort a castre pardellecha
1304 1904 2993 2023 ar I fors Rois hu daux onques uienuy pesa
1458 1982 2611 2081 t leuer en crois l on le tramlla
1339 2049 2779 2136 iiement soufist dieu qui le moudekea
1293 2102 2894 2208 alles pies et les mauia̾ de clauron ly siqua
1302 2171 2526 2265 t dune glant oussy le luer en hape
1311 2221 2947 2327 el mert Rechut be ber se de cuer on bendura
1300 2288 2938 2385 eue chieux en est saintis ⁊ en fierte gistla
1297 2350 2735 2440 proitement aplailanche du belde chitea
1283 2405 2795 2500 la est sains amoris moult noble eglise ya
1263 2470 2747 2557 Rux ly uour rors auchoices list et ordena
1313 2523 2708 2619 tle saintisie churhe oussyl y conquesta
1313 2580 2770 2672 t en constantiugole le uon Ron leuporta
1263 2640 2763 2739 linsy que ie diray quant ly poins en sera
1237 2704 2634 2801 Or dentees amy et on uas Rcordera
1272 2760 2452 2868 e õment iur Ihr̃im ꝯquestee sera
1279 2835 2862 2930 me not este conquise des nos ache tamps la
1277 2898 2784 2987 achies que maite uie auant ꝯleust sonta
1258 2950 2846 3054 Car ly rois ã deu uouelt qui le chite uarda
1336 3015 2862 3160 toit qrreus et hardis ⁊ bren li gouurena
