<?xml version="1.0" encoding="UTF-8"  standalone="yes"?>
<PcGts xmlns="http://schema.primaresearch.org/PAGE/gts/pagecontent/2019-07-15" xmlns:xsi="http://www.w3.org/2001/XMLSchema-instance" xsi:schemaLocation="http://schema.primaresearch.org/PAGE/gts/pagecontent/2019-07-15 http://schema.primaresearch.org/PAGE/gts/pagecontent/2019-07-15/pagecontent.xsd">
  <Metadata>
	<Creator>escriptorium</Creator>
	<Created>2025-10-15T20:24:06.407388+00:00</Created>
        <LastChange>2025-10-15T20:24:06.407409+00:00</LastChange>

  </Metadata>
  <Page imageFilename="620416201_MS0742_0766_0047A.jpg" imageWidth="3104" imageHeight="4140">

    
    <TextRegion id="eSc_textblock_437d87ee"  custom="structure {type:text;}">
      <Coords points="1645,653 1771,671 1826,846 1836,1212 2047,1269 2029,1368 1875,1405 1836,1462 1863,1902 1817,2049 1725,2106 1771,2281 1725,2472 1808,2714 1771,2895 1504,3024 1339,3061 147,3107 119,3070 110,2435 147,791 174,763 1541,754 1645,653"/>
      
      
      <TextLine id="eSc_line_5a75aca0" custom="structure {type:default;}">
        <Coords points="835,758 832,758 830,758 819,763 784,777 734,763 720,758 717,758 715,758 713,758 704,763 678,775 471,765 469,765 395,777 356,761 335,761 333,761 287,777 250,761 243,761 243,818 243,844 1774,841 1774,818 1771,772 1686,777 1675,770 1661,758 1658,758 1656,758 1594,758 1592,758 1589,758 1564,770 1550,775 1534,770 1502,758 1500,758 1497,758 1451,768 1424,775 1415,768 1405,761 1405,758 1403,758 1401,758 1267,758 1265,758 1263,758 1242,768 1217,779 1053,779 1010,765 996,761 994,761 991,761 961,765 874,777 846,763 837,758 835,758"/>
        <Baseline points="243,818 1774,818"/>
        <TextEquiv conf="0.9868017158857206">
          <Unicode>t que demandes uous uo courtoise moullier</Unicode>
        </TextEquiv>
      </TextLine>

      
      
      <TextLine id="eSc_line_0331f169" custom="structure {type:default;}">
        <Coords points="170,887 170,926 248,926 248,924 250,924 253,924 273,906 319,924 322,924 324,924 326,924 379,908 395,922 395,924 398,924 400,924 402,926 453,926 453,924 455,924 457,924 483,903 545,917 547,917 549,917 552,917 570,903 625,903 655,922 658,922 660,922 662,924 800,924 800,922 803,922 805,922 832,901 1005,919 1026,922 1028,922 1030,922 1035,919 1079,901 1138,910 1141,910 1143,910 1173,899 1247,910 1249,910 1251,910 1254,910 1272,899 1504,899 1564,917 1571,919 1573,919 1576,919 1578,919 1580,919 1583,917 1603,906 1813,915 1815,887 1813,844 1677,844 1635,827 1633,827 1631,827 1629,827 1596,844 1594,844 1583,844 1410,830 1408,830 1212,844 1145,830 1143,830 1042,844 1017,832 1014,832 1012,832 1010,832 980,846 977,846 867,832 865,832 862,832 823,846 782,832 780,832 777,832 710,846 660,832 658,832 655,832 653,832 598,848 595,848 575,848 197,834 195,834 193,834 167,846 170,887"/>
        <Baseline points="170,887 1442,878 1815,887"/>
        <TextEquiv conf="0.9956832164671363">
          <Unicode>Onques ne uous meffis le monte duni duuer</Unicode>
        </TextEquiv>
      </TextLine>

      
      
      <TextLine id="eSc_line_d222a99c" custom="structure {type:default;}">
        <Coords points="184,956 186,984 218,970 292,982 296,982 299,982 301,982 303,982 319,968 384,977 386,977 646,972 648,972 651,972 651,970 653,970 658,961 687,970 690,970 692,970 789,959 883,968 885,968 888,968 890,968 892,968 892,965 904,956 1049,965 1076,965 1079,965 1081,965 1083,965 1083,963 1095,954 1580,954 1580,929 1576,894 1465,883 1463,883 1461,883 1458,883 1458,885 1456,885 1449,894 1394,885 1392,885 1260,896 1226,901 181,908 184,956"/>
        <Baseline points="184,956 1580,929"/>
        <TextEquiv conf="0.9868283428643879">
          <Unicode>la ꝑloura reurement ne sen pot saisier</Unicode>
        </TextEquiv>
      </TextLine>

      
      
      <TextLine id="eSc_line_25dd0cf2" custom="structure {type:default;}">
        <Coords points="1449,933 1447,933 1447,936 1433,947 1428,952 1362,952 1357,949 1320,936 1318,936 1316,936 1313,936 1311,936 1311,938 1309,938 1300,949 1297,952 1288,949 1217,938 1214,938 1212,938 1210,938 1191,952 1187,954 1164,954 1028,945 1026,945 1023,945 980,956 950,942 947,942 945,942 943,942 941,942 941,945 924,959 922,959 853,945 851,945 849,945 812,961 807,961 704,947 701,947 561,965 531,952 529,952 526,952 524,952 485,965 441,952 439,952 437,952 310,970 211,956 209,956 207,956 204,956 186,968 188,1007 188,1018 264,1035 266,1035 269,1035 319,1018 416,1032 418,1032 524,1016 559,1030 561,1030 563,1030 685,1011 687,1011 690,1011 734,1025 736,1025 738,1025 740,1025 798,1011 938,1023 941,1023 1014,1007 1060,1021 1063,1021 1065,1021 1067,1021 1115,1007 1316,1016 1318,1016 1320,1016 1369,1002 1396,1014 1398,1014 1401,1014 1403,1014 1445,998 1449,998 1454,998 1504,1011 1507,1011 1509,1011 1698,993 1698,979 1691,942 1626,945 1619,942 1592,931 1589,931 1587,931 1585,931 1553,945 1543,947 1527,945 1454,933 1451,933 1449,933"/>
        <Baseline points="188,1007 1698,979"/>
        <TextEquiv conf="0.9895967185497284">
          <Unicode>Rar elle uoit de ly le uermel sanc Raier</Unicode>
        </TextEquiv>
      </TextLine>

      
      
      <TextLine id="eSc_line_f21e0907" custom="structure {type:default;}">
        <Coords points="499,1002 497,1002 402,1018 322,1005 308,1005 285,1023 211,1023 213,1067 213,1090 338,1076 354,1087 356,1087 358,1087 361,1087 430,1076 526,1085 529,1085 607,1069 653,1083 655,1083 658,1083 740,1071 757,1083 759,1083 761,1083 763,1085 895,1085 895,1083 897,1083 899,1083 899,1081 915,1067 943,1081 945,1081 947,1081 950,1081 952,1081 971,1064 1074,1064 1136,1064 1161,1081 1164,1081 1166,1081 1168,1081 1171,1081 1231,1064 1341,1076 1343,1076 1346,1076 1373,1062 1447,1076 1449,1076 1451,1076 1454,1076 1472,1062 1555,1076 1557,1078 1803,1078 1806,1053 1803,1011 1757,1000 1755,1000 1527,1011 1507,998 1504,998 1502,998 1426,995 1424,995 1421,995 1389,1011 1355,998 1352,998 1350,998 1348,998 1346,998 1325,1014 1171,998 1168,998 1166,998 1164,998 1148,1011 885,1000 883,1000 881,1000 842,1016 809,1002 807,1002 805,1002 736,1018 699,1002 697,1002 694,1002 692,1002 690,1002 667,1021 561,1021 501,1002 499,1002"/>
        <Baseline points="213,1067 980,1046 1806,1053"/>
        <TextEquiv conf="0.9806547831921351">
          <Unicode>y contes de clochestre ne sy uault atargir</Unicode>
        </TextEquiv>
      </TextLine>

      
      
      <TextLine id="eSc_line_fafdd72b" custom="structure {type:default;}">
        <Coords points="184,1127 184,1156 260,1156 260,1154 262,1154 308,1133 375,1145 377,1145 467,1136 485,1147 487,1147 490,1147 492,1147 609,1133 676,1145 678,1145 681,1145 713,1129 798,1147 803,1147 805,1147 807,1147 809,1147 809,1145 828,1129 1136,1122 1164,1136 1166,1136 1168,1136 1242,1120 1336,1140 1341,1140 1343,1140 1346,1140 1392,1117 1479,1117 1502,1136 1504,1136 1507,1136 1509,1136 1810,1133 1810,1117 1808,1071 1573,1062 1571,1062 1569,1062 1566,1062 1560,1069 1555,1074 1546,1069 1507,1055 1504,1055 1502,1055 1500,1055 1477,1064 1405,1053 1403,1053 1274,1064 1249,1055 1247,1055 1244,1055 1242,1055 1214,1069 1203,1076 1189,1069 1159,1058 1157,1058 1044,1058 1042,1058 961,1069 867,1083 628,1069 543,1064 540,1064 490,1069 276,1090 181,1069 184,1127"/>
        <Baseline points="184,1127 1302,1101 1810,1117"/>
        <TextEquiv conf="0.9956626097361246">
          <Unicode>Qu mantel le rouue a la ung pain treuchier</Unicode>
        </TextEquiv>
      </TextLine>

      
      
      <TextLine id="eSc_line_7ce24387" custom="structure {type:default;}">
        <Coords points="1474,1108 1451,1108 1428,1106 1405,1106 1382,1106 1380,1104 1378,1106 1375,1106 1341,1122 1334,1124 1329,1122 1300,1108 1297,1108 1295,1108 1240,1120 1226,1108 1224,1108 1221,1108 1219,1108 1109,1127 1083,1129 1079,1127 1060,1113 1058,1113 1056,1113 1003,1113 1000,1113 920,1129 906,1131 895,1129 830,1115 828,1115 826,1115 823,1115 800,1131 793,1133 761,1131 605,1120 602,1120 186,1140 188,1191 188,1209 358,1198 418,1205 434,1207 437,1207 439,1207 441,1207 444,1205 462,1191 503,1205 508,1205 510,1205 513,1205 515,1205 520,1205 577,1189 773,1198 821,1200 823,1200 851,1198 957,1182 1010,1193 1021,1196 1023,1198 1079,1198 1079,1196 1081,1196 1083,1196 1086,1193 1104,1179 1178,1191 1205,1193 1208,1193 1249,1189 1362,1175 1426,1186 1438,1186 1440,1186 1442,1186 1445,1186 1445,1184 1461,1175 1654,1179 1656,1156 1649,1117 1537,1120 1527,1117 1488,1108 1474,1108"/>
        <Baseline points="188,1191 480,1175 1656,1156"/>
        <TextEquiv conf="0.9960697113081466">
          <Unicode>Le brach sy en uoleppe et puis saus detrier</Unicode>
        </TextEquiv>
      </TextLine>

      
      
      <TextLine id="eSc_line_132eed60" custom="structure {type:default;}">
        <Coords points="186,1242 186,1258 381,1271 384,1271 386,1271 432,1255 437,1255 441,1255 506,1269 508,1269 510,1269 538,1255 644,1267 646,1267 648,1267 690,1253 697,1251 706,1253 775,1265 777,1265 892,1251 1012,1260 1014,1260 1017,1260 1040,1248 1051,1242 1610,1239 1610,1214 1606,1182 1371,1168 1369,1168 1263,1184 1254,1184 1249,1184 1217,1173 1214,1173 1212,1173 1210,1173 1208,1173 1208,1175 1196,1184 1194,1186 1184,1184 1134,1173 1132,1173 950,1186 846,1193 839,1186 832,1182 832,1179 830,1179 828,1179 826,1179 823,1179 800,1186 773,1198 607,1198 593,1189 582,1184 579,1184 577,1184 497,1189 301,1205 184,1193 186,1242"/>
        <Baseline points="186,1242 1610,1214"/>
        <TextEquiv conf="0.9837613560651478">
          <Unicode>emane le roie sans point de la targier</Unicode>
        </TextEquiv>
      </TextLine>

      
      
      <TextLine id="eSc_line_cd58f106" custom="structure {type:default;}">
        <Coords points="2001,1255 1978,1251 1955,1244 1948,1242 1780,1244 1776,1242 1751,1230 1748,1230 1746,1230 1744,1230 1705,1244 1700,1244 1688,1244 1518,1225 1516,1225 1378,1246 1348,1251 1339,1246 1311,1232 1309,1232 1306,1232 1304,1232 1244,1248 1237,1248 1231,1248 1152,1235 1150,1235 1148,1235 1145,1235 1127,1248 1118,1255 1090,1248 1033,1237 1030,1237 1028,1237 1000,1251 975,1265 929,1265 731,1255 729,1255 618,1271 568,1255 547,1248 545,1248 543,1248 540,1248 524,1255 492,1269 471,1255 469,1255 467,1255 464,1255 462,1255 457,1255 379,1276 335,1258 331,1255 329,1255 326,1255 161,1258 163,1320 163,1343 377,1329 418,1338 437,1343 439,1343 441,1343 476,1338 556,1324 717,1334 745,1334 747,1334 750,1334 754,1331 780,1320 849,1331 874,1334 876,1334 878,1334 888,1329 911,1320 1003,1327 1033,1329 1035,1329 1037,1329 1046,1327 1092,1313 1309,1317 1311,1317 1313,1317 1316,1317 1334,1306 1392,1320 1405,1322 1408,1322 1410,1322 1417,1320 1449,1304 1484,1317 1488,1320 1491,1320 1493,1320 1507,1317 1555,1306 1576,1315 1580,1317 1583,1317 1585,1317 1721,1315 1723,1315 1725,1315 1728,1313 1753,1297 1799,1313 1803,1313 1806,1313 1808,1313 2034,1306 2034,1288 2011,1258 2001,1255"/>
        <Baseline points="163,1320 1626,1281 2034,1288"/>
        <TextEquiv conf="0.9856542175014814">
          <Unicode>Sa meche ua auenques u il not que seignier plems</Unicode>
        </TextEquiv>
      </TextLine>

      
      
      <TextLine id="eSc_line_dbb59878" custom="structure {type:default;}">
        <Coords points="388,1315 386,1315 345,1329 225,1320 209,1320 186,1320 163,1329 165,1373 165,1389 262,1403 264,1403 319,1391 365,1405 368,1405 370,1405 455,1389 476,1386 492,1389 543,1400 545,1400 614,1389 651,1384 727,1389 851,1398 853,1398 897,1389 931,1382 941,1389 952,1398 954,1398 957,1398 959,1400 1019,1400 1019,1398 1021,1398 1046,1389 1065,1382 1127,1389 1155,1391 1157,1391 1175,1389 1242,1377 1387,1377 1405,1389 1412,1393 1415,1393 1417,1393 1419,1393 1421,1393 1442,1389 1488,1377 1562,1389 1587,1391 1589,1391 1707,1389 1709,1389 1711,1389 1732,1375 1751,1389 1753,1389 1755,1389 1757,1389 1760,1389 1762,1389 1783,1377 1801,1389 1803,1389 1806,1389 1808,1389 1974,1386 1976,1357 1971,1306 1718,1313 1702,1308 1675,1301 1672,1301 1670,1301 1622,1311 1596,1315 1583,1311 1560,1304 1557,1304 1555,1304 1451,1313 1396,1317 1355,1315 1249,1306 1247,1306 1244,1306 1217,1317 1208,1320 1166,1317 1037,1308 1035,1308 1033,1308 1030,1308 1014,1320 1010,1322 977,1320 830,1311 828,1311 826,1311 796,1324 791,1324 768,1324 593,1313 591,1313 589,1313 549,1327 545,1327 391,1315 388,1315"/>
        <Baseline points="165,1373 1242,1354 1976,1357"/>
        <TextEquiv conf="0.9616818150336092">
          <Unicode>Qui pre poi pour se dome mame un grãt doel </Unicode>
        </TextEquiv>
      </TextLine>

      
      
      <TextLine id="eSc_line_4f19c39d" custom="structure {type:default;}">
        <Coords points="1343,1357 1341,1357 1339,1357 1281,1373 1233,1357 1219,1357 1212,1357 1187,1375 1184,1377 1092,1377 1090,1377 1030,1359 1028,1359 1026,1359 1023,1359 1021,1359 1021,1361 1000,1380 998,1380 934,1361 931,1361 929,1361 837,1382 830,1384 823,1384 784,1373 782,1373 780,1373 777,1373 757,1382 740,1368 738,1368 736,1368 734,1368 731,1368 690,1386 687,1386 648,1368 646,1368 644,1368 501,1389 490,1391 487,1391 469,1375 467,1375 464,1375 462,1375 368,1393 361,1393 358,1393 331,1377 329,1377 250,1377 248,1377 161,1396 163,1439 163,1453 349,1462 352,1462 354,1462 375,1451 377,1451 384,1451 444,1462 446,1462 575,1449 653,1442 699,1449 740,1453 743,1453 745,1453 747,1453 754,1446 768,1439 922,1444 1028,1449 1030,1449 1033,1449 1049,1444 1083,1432 1173,1442 1198,1444 1201,1444 1495,1437 1495,1409 1488,1370 1373,1370 1346,1357 1343,1357"/>
        <Baseline points="163,1439 922,1416 1495,1409"/>
        <TextEquiv conf="0.997909696565734">
          <Unicode>Et be armie u sel enfrens eulrachier</Unicode>
        </TextEquiv>
      </TextLine>

      
      
      <TextLine id="eSc_line_e46d33f4" custom="structure {type:default;}">
        <Coords points="161,1501 161,1524 379,1513 681,1522 722,1522 724,1522 727,1522 731,1522 763,1511 920,1520 947,1520 950,1520 952,1520 957,1520 1000,1506 1040,1517 1042,1517 1044,1517 1053,1517 1194,1504 1764,1508 1767,1483 1760,1432 1320,1444 1191,1439 1010,1435 1007,1435 941,1444 908,1449 865,1446 757,1437 754,1437 685,1449 664,1451 644,1449 556,1439 554,1439 552,1439 526,1451 522,1453 492,1451 356,1442 354,1442 352,1442 324,1455 319,1455 303,1455 202,1444 200,1444 197,1444 158,1455 161,1501"/>
        <Baseline points="161,1501 1767,1483"/>
        <TextEquiv conf="0.9865588006519136">
          <Unicode>Et puis les cõmxacha tangrement a baisier</Unicode>
        </TextEquiv>
      </TextLine>

      
      
      <TextLine id="eSc_line_3c261ddd" custom="structure {type:default;}">
        <Coords points="172,1561 172,1573 202,1589 204,1589 207,1589 209,1589 250,1577 329,1589 331,1589 446,1575 473,1586 476,1586 478,1586 690,1582 692,1582 694,1582 715,1568 743,1582 745,1582 747,1582 828,1568 929,1577 931,1577 934,1577 975,1563 977,1563 982,1563 1134,1577 1136,1577 1138,1577 1182,1561 1184,1561 1295,1575 1297,1575 1300,1575 1302,1575 1323,1559 1325,1557 1470,1557 1472,1557 1502,1570 1504,1570 1507,1570 1585,1557 1615,1570 1617,1570 1619,1570 1783,1552 1783,1538 1771,1488 1753,1499 1615,1490 1585,1490 1583,1490 1580,1490 1578,1490 1578,1492 1564,1501 1479,1492 1458,1492 1456,1492 1421,1494 1279,1506 1240,1497 1224,1494 1221,1494 1219,1494 1217,1494 1212,1497 1198,1506 1134,1499 1102,1497 1099,1497 1074,1501 1026,1508 1005,1501 989,1497 987,1497 984,1497 982,1497 961,1501 931,1511 897,1504 874,1499 872,1499 832,1504 775,1513 724,1506 681,1501 678,1501 635,1508 591,1515 545,1511 492,1504 490,1504 487,1504 469,1511 453,1520 356,1520 349,1513 340,1506 338,1506 335,1506 333,1506 331,1506 306,1513 285,1520 262,1515 230,1508 227,1508 170,1515 172,1561"/>
        <Baseline points="172,1561 1783,1538"/>
        <TextEquiv conf="0.9888672690058864">
          <Unicode>Enfant che dist elame uechy grant encõbrir</Unicode>
        </TextEquiv>
      </TextLine>

      
      
      <TextLine id="eSc_line_498e3b50" custom="structure {type:default;}">
        <Coords points="358,1621 358,1653 437,1658 439,1658 441,1658 460,1651 497,1639 554,1649 584,1653 586,1653 589,1653 607,1649 635,1639 729,1644 777,1646 780,1646 805,1642 855,1632 901,1639 977,1651 980,1651 982,1651 1017,1637 1037,1628 1060,1635 1099,1649 1102,1649 1104,1649 1106,1649 1152,1632 1173,1626 1182,1632 1201,1646 1203,1646 1205,1646 1208,1649 1251,1649 1251,1646 1254,1646 1256,1646 1256,1644 1274,1630 1279,1626 1313,1628 1385,1635 1387,1635 1389,1635 1415,1626 1428,1621 1479,1623 1688,1639 1691,1639 1774,1637 1776,1637 1826,1614 1826,1596 1822,1561 1728,1543 1725,1543 1723,1543 1721,1543 1700,1559 1658,1547 1656,1547 1654,1547 1652,1547 1619,1561 1560,1545 1557,1545 1555,1545 1435,1547 1433,1547 1382,1566 1380,1566 1208,1552 1205,1552 1203,1552 1159,1570 1155,1570 1148,1570 1040,1554 1037,1554 1035,1554 1033,1554 1033,1557 1014,1570 934,1557 931,1557 929,1557 888,1573 883,1575 874,1575 800,1559 798,1559 796,1559 759,1575 754,1577 745,1575 697,1566 694,1566 508,1580 462,1582 450,1580 395,1566 393,1566 391,1566 388,1566 356,1577 358,1621"/>
        <Baseline points="358,1621 1826,1596"/>
        <TextEquiv conf="0.995420154184103">
          <Unicode>nõtes contes de clochestre faites les baprisier</Unicode>
        </TextEquiv>
      </TextLine>

      
      
      <TextLine id="eSc_line_65ecb053" custom="structure {type:default;}">
        <Coords points="172,1692 172,1720 280,1706 306,1718 308,1718 310,1718 407,1706 439,1718 441,1718 444,1720 462,1720 658,1720 658,1718 660,1718 662,1718 722,1699 812,1713 814,1713 954,1699 973,1713 973,1715 975,1715 977,1715 980,1715 987,1715 1051,1699 1104,1711 1106,1711 1109,1711 1111,1711 1111,1708 1122,1699 1173,1708 1175,1708 1260,1697 1327,1713 1336,1713 1339,1713 1341,1713 1346,1713 1373,1701 1474,1711 1504,1713 1507,1713 1509,1713 1511,1713 1514,1711 1534,1697 1672,1708 1677,1685 1675,1646 1417,1646 1318,1630 1316,1630 1235,1646 1233,1646 1228,1646 819,1632 816,1632 814,1632 812,1632 812,1635 798,1646 409,1635 407,1635 404,1635 402,1635 381,1649 170,1651 172,1692"/>
        <Baseline points="172,1692 899,1681 1677,1685"/>
        <TextEquiv conf="0.9655352108022">
          <Unicode>Auns quil Recoient mort ql .uii ont bon mesceer</Unicode>
        </TextEquiv>
      </TextLine>

      
      
      <TextLine id="eSc_line_c641bafc" custom="structure {type:default;}">
        <Coords points="1527,1685 1525,1685 1523,1685 1520,1685 1504,1697 1500,1701 1325,1701 1318,1697 1300,1685 1297,1685 1295,1685 1293,1685 1290,1685 1288,1685 1270,1697 1263,1701 1205,1697 1088,1688 1086,1688 1044,1697 1014,1704 938,1697 862,1690 860,1690 731,1697 556,1706 432,1697 402,1695 400,1695 398,1695 393,1697 354,1708 296,1697 299,1750 299,1764 418,1777 421,1777 423,1777 450,1764 485,1782 487,1782 490,1784 540,1784 540,1782 543,1782 579,1761 582,1761 586,1761 699,1780 701,1780 704,1780 738,1761 768,1777 770,1777 773,1777 775,1777 842,1759 844,1759 846,1759 938,1775 941,1775 943,1775 945,1775 968,1759 1079,1757 1086,1757 1088,1757 1182,1770 1184,1770 1187,1770 1189,1770 1205,1757 1258,1770 1260,1770 1263,1770 1265,1770 1267,1770 1279,1759 1334,1773 1336,1773 1339,1773 1341,1773 1380,1754 1401,1768 1403,1768 1405,1768 1408,1768 1479,1757 1509,1773 1511,1773 1514,1773 1707,1766 1709,1766 1760,1747 1760,1736 1755,1699 1557,1699 1557,1697 1530,1685 1527,1685"/>
        <Baseline points="299,1750 1760,1736"/>
        <TextEquiv conf="0.9935781702399253">
          <Unicode>ane che dist le contes ale chiere hardie</Unicode>
        </TextEquiv>
      </TextLine>

      
      
      <TextLine id="eSc_line_06de7499" custom="structure {type:default;}">
        <Coords points="308,1816 310,1858 363,1839 379,1853 379,1856 381,1856 384,1856 386,1856 494,1853 497,1853 499,1853 524,1835 593,1842 595,1842 598,1842 600,1842 616,1830 639,1846 644,1851 646,1851 648,1851 651,1851 676,1846 729,1835 743,1844 745,1844 747,1844 750,1844 752,1844 754,1844 775,1828 791,1837 793,1837 796,1837 855,1826 890,1839 892,1839 895,1839 897,1839 899,1839 901,1839 934,1821 1081,1821 1118,1833 1138,1837 1141,1837 1143,1837 1182,1830 1235,1819 1283,1826 1382,1842 1385,1842 1523,1839 1525,1839 1527,1839 1564,1816 1569,1814 1580,1816 1668,1837 1670,1837 1672,1837 1675,1837 1707,1816 1813,1830 1815,1830 1817,1830 1820,1830 1854,1810 1854,1793 1849,1754 1774,1743 1771,1743 1564,1754 1523,1757 1516,1754 1481,1743 1479,1743 1477,1743 1474,1743 1472,1743 1458,1757 1456,1759 1366,1759 1327,1757 1247,1750 1244,1750 1210,1757 1191,1761 1171,1757 1127,1747 1125,1747 1122,1747 1120,1747 1109,1757 1104,1761 1092,1757 1060,1750 1058,1750 1056,1750 1053,1750 1051,1750 1040,1759 1030,1764 1000,1759 954,1750 952,1750 950,1750 934,1759 922,1766 913,1759 904,1752 901,1752 899,1752 897,1752 895,1752 869,1759 851,1764 796,1759 727,1754 724,1754 722,1754 720,1754 713,1759 699,1768 630,1761 591,1757 589,1757 586,1757 568,1761 529,1770 306,1764 308,1816"/>
        <Baseline points="308,1816 1854,1793"/>
        <TextEquiv conf="0.9889513592828404">
          <Unicode>Ie suy ly plus dolans qui soit iusquẽ surie</Unicode>
        </TextEquiv>
      </TextLine>

      
      
      <TextLine id="eSc_line_d355ad0a" custom="structure {type:default;}">
        <Coords points="165,1899 165,1938 232,1938 232,1936 234,1936 236,1936 280,1915 322,1915 349,1934 352,1934 354,1934 356,1934 358,1934 361,1934 423,1915 464,1931 467,1931 469,1931 471,1931 478,1931 559,1913 612,1929 616,1929 618,1929 621,1929 630,1929 747,1904 913,1904 938,1920 941,1920 943,1920 945,1920 947,1920 950,1920 975,1904 1058,1920 1063,1920 1065,1920 1067,1920 1069,1920 1109,1899 1194,1897 1615,1908 1626,1908 1629,1908 1631,1908 1675,1888 1716,1906 1718,1906 1721,1906 1723,1906 1778,1890 1847,1904 1852,1865 1845,1814 1645,1828 1608,1816 1583,1810 1580,1810 1578,1810 1576,1810 1555,1819 1518,1833 1380,1826 1378,1826 1290,1837 1168,1826 1164,1826 1161,1826 1159,1826 1157,1826 1143,1837 1127,1826 1118,1819 1115,1819 1113,1819 1111,1819 835,1823 832,1823 814,1830 805,1835 777,1833 724,1826 722,1826 720,1826 704,1833 678,1849 653,1835 648,1833 646,1833 644,1833 628,1835 582,1844 545,1837 515,1830 513,1830 510,1830 490,1837 439,1853 292,1842 289,1842 287,1842 285,1842 262,1858 163,1844 165,1899"/>
        <Baseline points="165,1899 987,1872 1852,1865"/>
        <TextEquiv conf="0.9918953053494717">
          <Unicode>Car ie peusse atel cose pour uo corpe faire aie</Unicode>
        </TextEquiv>
      </TextLine>

      
      
      <TextLine id="eSc_line_d2886d93" custom="structure {type:default;}">
        <Coords points="165,1961 165,1980 1672,1954 1675,1936 1665,1890 1635,1902 1511,1895 1477,1892 1474,1892 1472,1892 1470,1892 1468,1895 1451,1904 1323,1899 1263,1897 1260,1897 1258,1897 1247,1902 1226,1908 1115,1904 987,1899 984,1899 982,1899 964,1908 952,1915 849,1915 807,1913 713,1904 710,1904 577,1918 556,1920 543,1920 439,1908 437,1908 216,1925 188,1913 186,1913 184,1913 181,1913 179,1913 163,1922 165,1961"/>
        <Baseline points="165,1961 1675,1936"/>
        <TextEquiv conf="0.9936626479029655">
          <Unicode>De quoy Iameuriray men sant et me sigmie</Unicode>
        </TextEquiv>
      </TextLine>

      
      
      <TextLine id="eSc_line_1d109228" custom="structure {type:default;}">
        <Coords points="158,2021 158,2037 319,2046 322,2046 388,2035 398,2035 404,2035 441,2046 444,2046 446,2046 522,2035 524,2035 526,2035 625,2044 628,2044 630,2044 632,2044 646,2033 651,2030 676,2033 761,2042 763,2042 846,2030 872,2028 888,2030 936,2040 938,2040 941,2040 971,2030 984,2026 1044,2028 1161,2035 1164,2035 1231,2026 1274,2021 1313,2026 1369,2033 1371,2033 1410,2023 1440,2019 1808,2019 1813,1998 1806,1964 1560,1966 1532,1964 1431,1950 1428,1950 1357,1964 1329,1968 1212,1964 1017,1957 1014,1957 961,1966 895,1975 738,1966 660,1961 658,1961 655,1961 646,1966 616,1980 531,1966 510,1964 508,1964 506,1964 503,1964 501,1966 485,1980 427,1966 421,1966 418,1966 407,1966 266,1984 156,1968 158,2021"/>
        <Baseline points="158,2021 1079,2003 1813,1998"/>
        <TextEquiv conf="0.9898140470186869">
          <Unicode>Euant le dame lentent teurement pleure ettrie</Unicode>
        </TextEquiv>
      </TextLine>

      
      
      <TextLine id="eSc_line_df4108ee" custom="structure {type:default;}">
        <Coords points="177,2090 177,2120 395,2106 411,2116 418,2118 421,2118 423,2118 425,2118 427,2118 432,2113 455,2099 506,2111 524,2116 526,2116 529,2116 545,2111 605,2093 704,2093 731,2106 738,2109 740,2109 743,2109 745,2109 757,2104 800,2088 1141,2086 1152,2093 1161,2102 1164,2102 1166,2102 1168,2102 1171,2102 1205,2093 1235,2083 1244,2090 1256,2099 1256,2102 1258,2102 1260,2102 1263,2102 1327,2088 1346,2086 1371,2088 1497,2099 1500,2099 1502,2099 1504,2099 1523,2083 1527,2081 1555,2081 1557,2063 1553,2017 1290,2012 1288,2012 1251,2019 1208,2028 1184,2019 1171,2014 1168,2014 1166,2014 1164,2014 1161,2014 1161,2017 1157,2021 1143,2030 1030,2021 1012,2021 1010,2021 1007,2021 1005,2021 989,2033 837,2023 780,2021 777,2021 775,2021 761,2026 710,2037 648,2026 630,2023 628,2023 625,2023 618,2026 586,2040 526,2028 513,2026 510,2026 508,2026 499,2028 450,2042 414,2028 411,2028 409,2028 407,2028 393,2028 285,2044 174,2033 177,2090"/>
        <Baseline points="177,2090 612,2074 1557,2063"/>
        <TextEquiv conf="0.9973109200596809">
          <Unicode>Sy quens a fait uindier toute le barõme</Unicode>
        </TextEquiv>
      </TextLine>

      
      
      <TextLine id="eSc_line_0700ff76" custom="structure {type:default;}">
        <Coords points="296,2168 296,2191 522,2191 522,2189 524,2189 526,2189 536,2182 540,2178 559,2180 602,2187 605,2187 607,2187 609,2187 623,2178 628,2175 639,2178 678,2185 681,2185 727,2173 761,2166 819,2171 911,2178 913,2178 915,2178 936,2166 945,2162 959,2166 987,2173 989,2173 991,2173 1079,2162 1095,2159 1109,2159 1221,2168 1224,2168 1226,2168 1288,2152 1302,2150 1320,2152 1415,2162 1417,2162 1419,2162 1456,2145 1458,2145 1486,2157 1488,2157 1491,2157 1569,2141 1569,2127 1564,2088 1447,2079 1445,2079 1442,2079 1398,2090 1380,2076 1378,2076 1375,2076 1373,2076 1371,2076 1304,2093 1295,2095 1279,2095 1173,2083 1171,2083 1168,2083 1129,2097 1122,2099 1106,2099 1014,2088 1012,2088 1010,2088 977,2102 971,2104 964,2102 924,2090 922,2090 920,2090 851,2104 830,2111 651,2113 639,2111 605,2099 602,2099 600,2099 292,2118 296,2168"/>
        <Baseline points="296,2168 773,2145 1569,2127"/>
        <TextEquiv conf="0.9924401447579667">
          <Unicode>le cambre pauce qui dor estoit bromne</Unicode>
        </TextEquiv>
      </TextLine>

      
      
      <TextLine id="eSc_line_27371d05" custom="structure {type:default;}">
        <Coords points="170,2226 170,2242 308,2237 368,2240 533,2251 536,2251 616,2235 625,2233 630,2233 660,2247 662,2247 664,2247 667,2247 724,2233 770,2244 773,2244 775,2244 777,2244 780,2244 803,2231 812,2224 837,2228 881,2237 883,2237 885,2237 888,2237 899,2226 908,2221 984,2226 1175,2235 1178,2235 1180,2235 1237,2219 1256,2214 1279,2217 1320,2224 1323,2224 1325,2224 1346,2217 1362,2208 1486,2208 1497,2212 1530,2226 1532,2226 1534,2226 1635,2208 1638,2189 1631,2155 1525,2157 1520,2155 1502,2143 1500,2143 1497,2143 1495,2143 1493,2143 1491,2143 1474,2155 1474,2157 1468,2157 1428,2148 1426,2148 1369,2157 1343,2162 1339,2157 1329,2150 1329,2148 1327,2148 1325,2148 1265,2148 1263,2148 1260,2148 1258,2148 1242,2159 1237,2162 1231,2159 1203,2150 1201,2150 1198,2150 1196,2150 1194,2150 1194,2152 1184,2159 1180,2166 1125,2166 1109,2162 1086,2152 1083,2152 1081,2152 1079,2152 1044,2162 1019,2168 1007,2162 996,2155 994,2155 991,2155 989,2155 987,2155 968,2164 952,2171 941,2164 936,2159 934,2159 931,2159 812,2159 809,2159 773,2166 710,2178 593,2168 559,2166 556,2166 533,2168 439,2185 361,2171 352,2171 349,2171 338,2171 253,2189 167,2175 170,2226"/>
        <Baseline points="170,2226 1638,2189"/>
        <TextEquiv conf="0.9848138555884361">
          <Unicode>sie Remest forques luy et se mecte marie</Unicode>
        </TextEquiv>
      </TextLine>

      
      
      <TextLine id="eSc_line_334027a1" custom="structure {type:default;}">
        <Coords points="179,2283 179,2300 301,2311 303,2311 391,2297 393,2297 395,2297 411,2311 414,2311 416,2311 418,2313 510,2313 510,2311 851,2290 865,2290 881,2304 883,2304 885,2304 888,2306 1005,2306 1005,2304 1171,2286 1175,2286 1203,2300 1205,2300 1208,2300 1290,2286 1334,2297 1336,2297 1339,2297 1341,2297 1343,2297 1343,2295 1355,2286 1366,2297 1369,2297 1371,2297 1373,2300 1507,2300 1507,2297 1677,2277 1677,2263 1670,2224 1596,2226 1592,2224 1569,2212 1566,2212 1564,2212 1562,2212 1560,2212 1546,2224 1543,2228 1465,2228 1438,2226 1343,2214 1341,2214 1339,2214 1336,2214 1316,2228 1311,2231 1293,2228 1233,2217 1231,2217 1228,2217 1187,2228 1171,2233 1141,2231 1065,2221 1063,2221 1060,2221 1058,2221 1046,2231 1044,2233 1030,2231 964,2224 961,2224 959,2224 938,2233 931,2235 915,2233 844,2221 842,2221 839,2221 837,2221 816,2235 812,2237 784,2235 704,2226 701,2226 699,2226 671,2237 660,2240 635,2237 549,2226 547,2226 545,2226 517,2237 508,2242 469,2240 345,2228 342,2228 340,2228 294,2242 283,2244 278,2242 255,2231 253,2231 250,2231 177,2242 179,2283"/>
        <Baseline points="179,2283 1677,2263"/>
        <TextEquiv conf="0.9857699150262877">
          <Unicode>et le franche Rome que tant estoit pourchie</Unicode>
        </TextEquiv>
      </TextLine>

      
      
      <TextLine id="eSc_line_51f07bfe" custom="structure {type:default;}">
        <Coords points="1622,2265 1619,2265 1617,2265 1603,2274 1587,2283 1543,2274 1525,2272 1523,2272 1520,2272 1514,2274 1491,2288 1226,2293 1203,2281 1191,2277 1189,2277 1187,2277 1184,2277 1166,2281 1127,2297 991,2297 971,2286 968,2286 966,2286 964,2286 961,2286 959,2286 931,2300 869,2288 851,2286 849,2286 846,2286 839,2288 814,2302 782,2290 775,2288 773,2288 770,2288 752,2290 685,2302 669,2293 667,2290 664,2290 662,2290 660,2290 232,2300 234,2355 236,2387 266,2371 437,2380 501,2382 503,2382 506,2382 508,2382 513,2378 522,2369 543,2375 556,2380 559,2380 561,2380 600,2373 683,2359 731,2369 766,2375 768,2375 770,2375 773,2375 782,2366 798,2357 952,2362 1134,2366 1136,2366 1309,2350 1398,2359 1401,2359 1403,2359 1405,2359 1405,2357 1421,2343 1426,2341 1463,2343 1546,2348 1548,2348 1601,2339 1610,2336 1615,2336 1645,2350 1647,2350 1649,2350 1741,2332 1744,2311 1739,2272 1624,2265 1622,2265"/>
        <Baseline points="234,2355 1247,2334 1744,2311"/>
        <TextEquiv conf="0.9602015791904359">
          <Unicode>t ls sprtis enfans dont elle yer a couchie</Unicode>
        </TextEquiv>
      </TextLine>

      
      
      <TextLine id="eSc_line_4f038960" custom="structure {type:default;}">
        <Coords points="172,2421 172,2442 478,2433 497,2435 575,2444 577,2444 579,2444 582,2444 595,2433 602,2426 618,2431 651,2442 653,2442 655,2442 745,2428 786,2421 807,2426 853,2438 855,2438 858,2438 1028,2424 1182,2431 1184,2431 1187,2431 1189,2431 1212,2415 1217,2412 1233,2415 1293,2426 1295,2426 1297,2426 1300,2426 1316,2412 1320,2410 1362,2410 1594,2421 1596,2421 1707,2401 1709,2387 1705,2352 1608,2334 1606,2334 1603,2334 1569,2352 1470,2339 1468,2339 1465,2339 1419,2355 1371,2341 1369,2341 1366,2341 1364,2341 1325,2357 1265,2348 1263,2348 975,2366 890,2350 888,2350 782,2352 780,2352 745,2369 609,2357 607,2357 605,2357 602,2357 575,2375 506,2378 473,2378 467,2378 326,2364 324,2364 322,2364 319,2364 294,2382 232,2382 204,2366 202,2366 200,2366 197,2366 195,2366 193,2366 170,2378 172,2421"/>
        <Baseline points="172,2421 1709,2387"/>
        <TextEquiv conf="0.9695401838639888">
          <Unicode>t ly outes dierare que tant ot seignourie</Unicode>
        </TextEquiv>
      </TextLine>

      
      
      <TextLine id="eSc_line_1490a3c4" custom="structure {type:default;}">
        <Coords points="161,2493 163,2532 197,2516 225,2530 234,2534 236,2534 239,2534 241,2534 266,2527 347,2507 370,2525 377,2530 379,2530 381,2530 384,2532 425,2532 425,2530 427,2530 430,2530 430,2527 432,2527 437,2520 450,2502 549,2502 687,2511 821,2520 823,2520 826,2520 828,2520 828,2518 844,2504 853,2495 918,2493 984,2500 1106,2513 1109,2513 1148,2511 1150,2511 1152,2511 1175,2493 1178,2490 1180,2493 1194,2502 1194,2504 1196,2504 1198,2504 1281,2509 1283,2509 1286,2509 1288,2509 1288,2507 1290,2507 1306,2486 1309,2484 1318,2486 1389,2507 1392,2507 1394,2507 1396,2507 1488,2479 1488,2461 1484,2421 1401,2412 1398,2412 1348,2421 1336,2424 1332,2421 1309,2410 1306,2410 1304,2410 1214,2424 1175,2428 1157,2424 1120,2412 1118,2412 1115,2412 1113,2412 1111,2412 1097,2424 1090,2431 1069,2424 1044,2417 1042,2417 1040,2417 994,2426 957,2433 943,2426 927,2417 924,2417 922,2417 920,2417 918,2417 918,2419 908,2426 897,2435 853,2426 832,2424 830,2424 798,2428 710,2440 692,2428 687,2424 685,2424 683,2424 623,2424 621,2424 618,2424 616,2424 616,2426 614,2426 612,2431 607,2438 464,2444 356,2433 335,2431 333,2431 319,2433 234,2451 158,2435 161,2493"/>
        <Baseline points="161,2493 1488,2461"/>
        <TextEquiv conf="0.9886532674233118">
          <Unicode>spella se mecham que tant fu agensie</Unicode>
        </TextEquiv>
      </TextLine>

      
      
      <TextLine id="eSc_line_00a71401" custom="structure {type:default;}">
        <Coords points="197,2569 197,2596 296,2580 333,2592 335,2592 338,2592 416,2578 540,2589 554,2589 556,2589 570,2589 685,2573 729,2585 738,2587 740,2587 743,2587 745,2587 747,2587 752,2585 770,2573 805,2582 821,2587 823,2587 826,2587 828,2587 846,2582 883,2571 1012,2578 1067,2580 1069,2580 1072,2580 1074,2580 1079,2576 1088,2569 1111,2576 1136,2582 1138,2582 1141,2582 1203,2573 1251,2566 1272,2571 1293,2578 1295,2578 1297,2578 1417,2569 1447,2566 1449,2569 1458,2576 1458,2578 1461,2578 1463,2578 1465,2578 1468,2578 1497,2566 1507,2564 1514,2566 1546,2576 1548,2576 1550,2576 1647,2562 1649,2543 1642,2504 1569,2504 1566,2504 1534,2488 1532,2488 1530,2488 1527,2488 1525,2488 1525,2490 1511,2502 1477,2495 1474,2495 1472,2495 1454,2504 1449,2507 1438,2504 1362,2488 1359,2488 1357,2488 1297,2507 1283,2509 1260,2507 1152,2490 1150,2490 1148,2490 1145,2490 1122,2507 1115,2511 1049,2509 867,2497 865,2497 770,2511 757,2511 750,2511 704,2497 701,2497 699,2497 464,2502 462,2502 460,2502 460,2504 448,2513 439,2520 195,2516 197,2569"/>
        <Baseline points="197,2569 694,2553 1649,2543"/>
        <TextEquiv conf="0.9835929623464259">
          <Unicode>ousme dist ly quens enteudesz con uousdie</Unicode>
        </TextEquiv>
      </TextLine>

      
      
      <TextLine id="eSc_line_7df2a7a6" custom="structure {type:default;}">
        <Coords points="181,2638 184,2674 246,2651 317,2661 319,2661 404,2649 457,2672 467,2674 469,2674 471,2674 473,2674 480,2672 526,2649 563,2670 572,2674 575,2674 577,2674 664,2672 667,2672 676,2668 722,2647 901,2651 927,2665 938,2670 941,2670 943,2670 984,2665 1106,2647 1208,2661 1210,2661 1295,2649 1334,2661 1352,2665 1355,2665 1357,2665 1359,2665 1373,2661 1419,2640 1493,2656 1495,2656 1497,2656 1546,2645 1569,2658 1580,2663 1583,2663 1585,2663 1753,2654 1755,2622 1751,2587 1672,2571 1670,2571 1668,2571 1665,2571 1645,2585 1569,2573 1566,2573 1463,2587 1415,2569 1412,2569 1329,2569 1327,2569 1325,2569 1323,2569 1295,2589 1125,2571 1122,2571 1120,2571 1074,2592 1074,2594 1003,2594 1000,2592 977,2578 975,2578 973,2578 971,2578 968,2578 941,2592 927,2580 924,2580 922,2580 920,2580 777,2594 757,2578 757,2576 754,2576 752,2576 628,2576 625,2576 549,2578 547,2578 545,2578 520,2596 427,2596 411,2585 409,2585 407,2585 404,2585 333,2599 331,2599 329,2599 273,2580 271,2580 269,2580 179,2599 181,2638"/>
        <Baseline points="181,2638 1755,2622"/>
        <TextEquiv conf="0.9782310372049158">
          <Unicode>e iour que fustes nee pour uran le uous asie</Unicode>
        </TextEquiv>
      </TextLine>

      
      
      <TextLine id="eSc_line_a2f3a2f2" custom="structure {type:default;}">
        <Coords points="158,2718 287,2737 289,2737 398,2718 402,2718 404,2718 515,2734 517,2734 520,2734 556,2718 674,2732 676,2732 678,2732 681,2732 701,2716 704,2716 828,2716 869,2732 872,2732 874,2732 996,2720 1037,2730 1040,2730 1042,2730 1044,2730 1046,2730 1046,2727 1063,2714 1079,2714 1373,2727 1375,2727 1378,2727 1380,2727 1380,2725 1394,2711 1396,2709 1401,2711 1428,2720 1431,2720 1433,2720 1435,2720 1474,2711 1484,2709 1488,2711 1516,2725 1518,2725 1520,2725 1622,2709 1622,2688 1615,2642 1445,2654 1419,2642 1412,2640 1410,2640 1408,2640 1389,2642 1339,2651 1320,2642 1313,2640 1311,2640 1122,2640 1120,2640 1118,2640 1104,2645 1060,2661 950,2661 906,2645 897,2642 895,2642 892,2642 890,2642 888,2642 885,2645 860,2661 704,2647 678,2645 676,2645 674,2645 667,2647 609,2663 554,2647 552,2647 549,2647 547,2647 545,2647 543,2647 515,2661 499,2649 497,2649 494,2649 492,2649 490,2649 487,2649 469,2665 391,2665 301,2654 299,2654 193,2665 158,2649 158,2702 158,2718"/>
        <Baseline points="158,2702 1622,2688"/>
        <TextEquiv conf="0.952566187556197">
          <Unicode>fu de moy ens es chieux le planette coisu</Unicode>
        </TextEquiv>
      </TextLine>

      
      
      <TextLine id="eSc_line_f8c1ce8a" custom="structure {type:default;}">
        <Coords points="174,2771 174,2792 197,2803 200,2803 202,2803 204,2803 207,2803 220,2792 356,2801 358,2801 361,2801 393,2789 483,2806 485,2806 487,2806 543,2787 545,2787 589,2799 591,2799 593,2801 593,2799 595,2799 639,2787 683,2803 685,2803 687,2803 690,2803 720,2789 853,2801 855,2801 1219,2785 1327,2794 1329,2794 1398,2780 1419,2776 1428,2780 1458,2792 1461,2792 1463,2792 1557,2778 1596,2773 1631,2778 1718,2789 1721,2789 1723,2789 1725,2789 1741,2776 1751,2771 1776,2776 1778,2743 1774,2700 1649,2697 1647,2697 1645,2697 1642,2697 1640,2700 1624,2714 1596,2700 1587,2697 1585,2697 1583,2697 1580,2697 1578,2697 1576,2700 1546,2723 1474,2702 1472,2702 1470,2702 1468,2702 1465,2702 1463,2702 1431,2723 1410,2709 1408,2709 1405,2709 1403,2709 1348,2716 1277,2704 1258,2702 1256,2702 1254,2702 1247,2704 1203,2730 1092,2730 1042,2711 1040,2711 1037,2711 1035,2711 1033,2711 1033,2714 1014,2730 908,2716 906,2716 904,2716 858,2734 720,2734 683,2714 681,2714 678,2714 676,2714 674,2714 674,2716 651,2734 524,2723 522,2723 520,2723 469,2737 358,2716 347,2714 345,2714 342,2714 335,2716 278,2734 234,2716 232,2716 230,2716 227,2716 172,2716 174,2771"/>
        <Baseline points="174,2771 1184,2766 1778,2743"/>
        <TextEquiv conf="0.9912085688632467">
          <Unicode>Rt la trouuay le mut pardroit scous de clergie</Unicode>
        </TextEquiv>
      </TextLine>

      
      
      <TextLine id="eSc_line_cc58195d" custom="structure {type:default;}">
        <Coords points="170,2835 170,2856 352,2854 358,2856 404,2875 407,2875 409,2875 411,2875 455,2858 591,2872 593,2872 595,2872 651,2854 660,2852 667,2854 727,2872 729,2872 731,2872 734,2872 736,2872 761,2852 766,2852 830,2872 832,2872 835,2872 837,2872 839,2872 865,2854 890,2872 892,2872 895,2872 897,2872 989,2870 991,2870 994,2870 1017,2852 1017,2849 1023,2852 1079,2865 1081,2865 1083,2865 1161,2849 1166,2849 1168,2849 1219,2870 1221,2870 1224,2870 1226,2870 1228,2870 1260,2849 1265,2847 1389,2847 1392,2847 1415,2868 1417,2868 1419,2868 1421,2868 1624,2845 1626,2826 1624,2794 1569,2776 1566,2776 1442,2776 1440,2776 1438,2776 1435,2776 1435,2778 1417,2792 1408,2792 1210,2778 1208,2778 1205,2778 1164,2789 1150,2796 1021,2796 1000,2789 957,2778 954,2778 952,2778 950,2778 918,2789 892,2799 667,2799 653,2787 648,2783 646,2783 644,2783 641,2783 639,2783 625,2787 595,2796 559,2787 536,2780 533,2780 531,2780 529,2780 515,2787 485,2799 393,2785 368,2783 365,2783 352,2785 292,2799 167,2785 170,2835"/>
        <Baseline points="170,2835 1626,2826"/>
        <TextEquiv conf="0.9751969263321016">
          <Unicode>Eue uous series parfu et arse et essillee</Unicode>
        </TextEquiv>
      </TextLine>

      
      
      <TextLine id="eSc_line_898e938e" custom="structure {type:default;}">
        <Coords points="1612,2829 1610,2829 1569,2842 1541,2833 1539,2833 1537,2833 1534,2833 1486,2847 1435,2833 1428,2831 1426,2831 1424,2831 1421,2831 1415,2833 1355,2849 1293,2835 1290,2835 1288,2835 1286,2835 1221,2852 1141,2838 1127,2835 1125,2835 1122,2835 1115,2838 1076,2856 828,2858 782,2842 780,2842 777,2842 775,2842 773,2842 768,2842 722,2856 662,2845 655,2845 653,2845 646,2845 572,2863 543,2849 540,2849 538,2849 434,2865 186,2854 188,2907 190,2946 225,2927 342,2941 368,2944 370,2944 372,2944 386,2941 450,2923 552,2923 570,2934 577,2939 579,2939 582,2939 584,2939 628,2932 681,2925 690,2932 699,2939 701,2939 704,2939 706,2939 708,2939 731,2930 763,2916 950,2916 975,2923 1005,2932 1007,2932 1010,2932 1012,2932 1014,2932 1014,2930 1026,2921 1033,2914 1090,2914 1099,2921 1111,2930 1113,2930 1115,2930 1118,2932 1210,2932 1210,2930 1212,2930 1254,2916 1272,2907 1380,2907 1392,2911 1417,2925 1419,2925 1421,2927 1472,2927 1472,2925 1474,2925 1507,2909 1530,2923 1532,2923 1534,2923 1537,2925 1624,2925 1624,2923 1741,2900 1744,2870 1739,2829 1626,2826 1624,2826 1622,2826 1612,2826 1612,2829"/>
        <Baseline points="188,2907 1493,2886 1744,2870"/>
        <TextEquiv conf="0.978209369561889">
          <Unicode>ls uees ychy uo dame que ef ert a tort iugie</Unicode>
        </TextEquiv>
      </TextLine>

      
      
      <TextLine id="eSc_line_d2214e6c" custom="structure {type:default;}">
        <Coords points="163,2976 163,2996 388,3010 391,3010 393,3010 395,3010 395,3008 414,2994 416,2989 540,2989 545,2992 561,3003 563,3003 566,3003 568,3003 570,3003 612,2989 623,2985 853,2983 860,2985 876,2994 878,2994 881,2994 883,2994 906,2985 913,2983 915,2985 927,2994 929,2994 931,2994 934,2994 936,2994 968,2985 975,2983 987,2983 1076,2996 1079,2996 1194,2994 1196,2994 1228,2980 1237,2976 1244,2980 1272,2992 1274,2992 1277,2992 1279,2992 1306,2978 1309,2978 1318,2978 1417,2989 1419,2989 1421,2989 1447,2976 1454,2973 1534,2973 1539,2948 1532,2900 1445,2914 1346,2902 1304,2898 1302,2898 1300,2898 1297,2898 1293,2902 1272,2918 1249,2902 1244,2900 1242,2900 1240,2900 1237,2900 1235,2900 1226,2904 1184,2921 1086,2907 1083,2907 1081,2907 1079,2907 1079,2909 1076,2909 1065,2925 959,2925 777,2911 752,2909 750,2909 747,2909 745,2909 745,2911 722,2930 543,2914 529,2914 526,2914 524,2914 522,2914 522,2916 506,2930 485,2916 483,2916 480,2916 473,2916 425,2916 423,2916 421,2916 418,2916 418,2918 402,2934 269,2939 161,2921 163,2976"/>
        <Baseline points="163,2976 1539,2948"/>
        <TextEquiv conf="0.9898236066102981">
          <Unicode>Et que de uous ardoir et ly iolir le uie</Unicode>
        </TextEquiv>
      </TextLine>

      
      
      <TextLine id="eSc_line_aa90486b" custom="structure {type:default;}">
        <Coords points="186,3038 186,3081 379,3075 393,3075 411,3075 418,3072 439,3072 462,3072 462,3072 469,3072 506,3077 607,3095 609,3095 612,3095 614,3095 646,3075 648,3072 651,3075 683,3095 685,3095 687,3095 690,3098 731,3098 731,3095 853,3093 855,3093 927,3072 989,3091 991,3091 994,3091 1226,3088 1228,3088 1320,3058 1320,3024 1316,2987 1219,2969 1217,2969 1111,2987 1106,2987 1102,2987 975,2971 973,2971 763,2973 761,2973 759,2973 738,2989 734,2994 517,2994 513,2992 497,2978 494,2978 492,2978 409,2978 407,2978 404,2978 377,2992 365,2996 184,2994 186,3038"/>
        <Baseline points="186,3038 1320,3024"/>
        <TextEquiv conf="0.988583069859129">
          <Unicode>re ueul de morir soies apareillie</Unicode>
        </TextEquiv>
      </TextLine>

      
      
      <TextLine id="eSc_line_5920d42c" custom="structure {type:default;}">
        <Coords points="352,3081 352,3109 467,3102 467,3075 460,3042 347,3045 352,3081"/>
        <Baseline points="352,3081 467,3075"/>
        <TextEquiv conf="0.9255081117153168">
          <Unicode>quen</Unicode>
        </TextEquiv>
      </TextLine>

      
    </TextRegion>
    

    
  </Page>
</PcGts>
