3104 4140
1083 717 2390 821 Iamais ne uous poray a coler ne baisier
1081 779 2406 869 Ile ueoir uo uiante que tant fait aprisier
1083 834 2333 926 Et ly paiiens leuporte qui le seuty lecier
1095 892 2328 982 Et il crir engleterde a guise de porchier
1081 940 2521 1037 Et ly encors le sieuent par cens et par miliers
1081 993 2369 1092 Mes che ne leur ualu le monte dun demier
1086 1051 2298 1154 par iusques en le porte sala bolus fiquier
1083 1097 2075 1191 Or oyes de heury le noble gerier
1092 1138 2307 1246 Qui estoit sur le col du felon pancõmer
1088 1207 2386 1306 Il auoit a son chinit un grant contet dachier
1092 1262 2312 1366 Asont sest ainses quele uora saquier
1086 1324 2517 1414 Quant il trent le coutel selprent alarmoier
1081 1377 2395 1492 De legier brac ⁊ fort le ua ly uois syquier
1083 1435 2337 1554 Ens ou senestre les du febon losengier
1088 1515 2215 1607 Tellement la seua chay oy perayner
1086 1570 2563 1658 Que tout oultre le corps ly fist le sier perchier
1086 1623 2464 1715 Et le cuer de sen uentre ly sist passer lachier
1113 1676 2602 1775 e puant abat mort saus pin ais redrechier
1092 1736 2473 1835 Et la couuuit le ron tlement Rebuchier
1076 1796 2535 1899 Pries qui ne ly faliz une dee gambe brisier
1074 1858 2673 1959 non pour quant saln sus not pas cuer d bregier
1092 1911 2429 2003 Qu tre paleus se fiert se cõmenche ahuchier
1079 1966 2326 2046 Quali. terre le grant pruit se gent paloier
1081 2010 2521 2120 Qr chil sallent auaigꝓlour leilr seigneuraydier
1086 2067 2326 2189 Ia ueissies batulle moule grande cẽme chuer
1111 2109 2655 2251 t maint point et maiit piet mainte teste trenclit
1086 2201 2135 2309 mam selon sarasin a terre kebuchiez
1086 2224 2356 2375 I pout de briqui fout par forche caigner
1095 2297 2319 2412 Et iusqua le porte uiurent no cheualierez
1086 2350 2294 2474 La cerdirent eiglit leur seigneur un destrier
1099 2398 2254 2525 Et paizon se commenchencnfort a esueber
1072 2435 2457 2601 Pouz le mort du puiant que les deibt iustichier
1217 2497 2473 2635 Lentier en boulinane au pout de brique droit
1214 2550 2450 2693 Fu grande le bataille que oi on y demrenoit
1092 2617 2413 2734 olant furent paiiens que boius mors estoit
1086 2686 2358 2792 Ie Retraide sounerent mes on lus en cauchoit
1097 2725 2374 2849 Gy auant uout engleiz sont plente. yauoit
1090 2778 2572 2900 Our auengur le grant pruple de turs qui reuenoit
1083 2835 2427 2955 Qutrirent ens es portes a forelie eta esploit
1088 2902 2234 3015 Qy grande occision ulenques cõmenchont
1104 2957 2494 3100 Que nuis qui soit unuant direue le scaroit
