3104 4140
1231 924 2754 1007 Qui est uaue et Rain ueriuele et idmouree
1233 982 2565 1067 tui naroit plue uaillant ame telle acoli
1228 1041 2402 1120 Et gesir unt amit demoste tel deprie
1212 1087 2528 1179 Caroit Il mepre tampa apasser le uespret
1254 1145 2685 1225 Rue na chyeux que amoir aplain une uroutee
1281 1196 2413 1292 e uoroie que amoy se fust ainsy dõure
1237 1251 2462 1352 Et messe ne fuist Iamuais pa moy cantee
1302 1317 2436 1403 ⁊ quant brisse lentent mie ne ly agree
1233 1359 2583 1451 Car au ẜuiche dieu ly frans da moisaulxbre
1240 1414 2671 1499 uant le pucelle uit qul ne disoit Riens nee
1226 1467 2793 1552 Cout sans plꝰ gire mͣgnlt est ariere abee teuee
1311 1517 2572 1614 t a par mal talent le/chiterua re frunte
2616 1522 2979 1635 ^ chartri
1267 1621 2719 1720 a en groit fu drmors damours tellement aprisfee
1435 1589 2494 1662 iambre Remnt cõme dreme esmorir
1293 1688 2593 1770 aucuer dun daert damour se senty sy naura
1293 1734 2705 1826 euelle ne dormisist pour lordune cer cõtree
1309 1796 2639 1879 n che point se maintrent iusques a le uespree
1274 1849 2641 1931 et ly bous rois auchome ot moult le chiere yree
1247 1892 1320 1984 Da
1366 1897 2528 1991 ot larcheuesque chieux fist chure deruee
1373 1964 2457 2033 risse dist larcheue que tant ot de Rignon
1392 1996 2869 2099 dar uous arous le mort bien prouuer le peulton
1244 2058 2475 2139 Pray fait en uo corps mauuaise norec hon
1306 2113 2524 2198 t dist le Roy anthome qui Refuse le don
1290 2166 2402 2254 e cedle demoiselle Il a cuer de brichon
1221 2217 2544 2306 Par diru che a dit urisse paude distrenon
1224 2277 2606 2362 ¶Aues Nestout eisambl que de sy le scet on
1118 2325 2480 2410 oussess uien uous peuit diou fairesaluasion
1237 2382 2558 2479 Et petes iecer sil ly plest loro de celle prison
1297 2431 1385 2495 iII
1454 2444 2356 2534 le quicelle eisse pris le don
1233 2497 2501 2589 I nã estonss puissans chest mon intencion
1251 2555 2450 2645 Et aefly archeuesque ne dites un bonton
1272 2612 2547 2700 en scrt bien que dieux estlplaint de poi
2618 2601 2701 2727 sion
1263 2681 2547 2753 fe le uien quil enuoie Rifuser ne doit ar
1408 2727 2287 2810 oꝰ eissiee dit une ulle Raison
1247 2776 2109 2870 La boure eissies ame deiision
1233 2833 2643 2927 Sen suissiee tout Riche doi moꝰ sõmes urichon
1237 2902 2402 2996 Fhertes che poise moy che adit urison
1228 2962 2547 3056 Mee onques damez fame Ie noch de nosion
1281 3017 2402 3107 n choie dentrer en ers auoie intention
1279 3070 2443 3171 et dist ly archeuesque o le flory grenon
1244 3137 2664 3256 Dre de mariage tror mioiyo prisie⁊ doiton
