3104 4140
333 717 1780 821 Que du tout peust faire sen taleur ⁊ son bon
335 781 1649 883 Mais en son cuer pensoit une grant traison
329 830 1631 931 Eet clame ly gelle m peusoit se bien non
329 892 1426 970 pren aues on dire in de bõnt cauchon
331 931 1624 1035 sõment ly uois heuris qui ot crier de lion
333 986 1398 1076 saissa a se moullier a se departison
329 1039 1755 1152 le pat pareil de sen sine quen nen trouuq̃st on
324 1099 1514 1191 Et ly rois lauoit fait par bon entension
294 1156 1382 1248 Ppour chr que la Rõme ase deuasion
315 1216 1543 1299 Ry mandast son estat quant ly ueroit abon
324 1265 1691 1361 Et ly pois duilke part manderoit fuitension
308 1324 1622 1421 Eusy put ces deux sines connoister deuoiton
317 1386 1339 1485 le uie lun de lautre ⁊ le regnasion
308 1455 1442 1536 les le uielle Rõme quiait malai chon
306 1511 1479 1607 uust nuit et iour son cuer ⁊ sen opunon
315 1566 1454 1655 uelle puist auoir coir ment a laron
326 1619 1509 1704 le seel la rome qui pas nert de laichon
333 1669 1849 1764 luis estoit de mrilleur or que plus fin ne trouaston
322 1724 1569 1814 dr uous diran cõment ne par quelle ocidison
319 1780 1741 1902 le daune at le saiel deuant ⟦etriq en se parchon
317 1849 1419 1943 on saineriy anone deuant lassenssi oy
299 1911 1527 1996 Cõmencha uns oraiges en cellu Rre tion
333 1966 1553 2056 e toy de plus hideiys dire ne poroit on
306 2023 1693 2122 Rar che pur Reuersa mainte grande maison
338 2086 1806 2189 et sy arbres deste destans et auent maint buisson
301 2141 1541 2240 Elame le rome que dieux faiche pardon
310 2205 1560 2300 Euant elle uit larace pas ne ly uint abron
296 2260 1468 2364 Elle rellama dieu et dist maint crison
296 2325 1486 2426 Et pour le grant paour de loracheͬ felon
287 2378 1560 2488 Entra en une bde uaue le Rome de non
299 2433 1481 2550 uent ly fu la uielle le mere sen baron
315 2497 1500 2617 Qui le resconfortoit disait mainte li clrn
289 2569 1504 2670 Elane soustenoit pardessas uez sen cieron
294 2622 1357 2723 Embrachie lauoit dumble coudision
292 2679 1472 2778 Etlie Rome elame auoit grant marison
262 2739 1534 2835 Pour ie hideux orache onques tel ne uit on
283 2799 1500 2886 la fu tant le roue apoiant le menton
287 2858 1596 2950 Tuelle sest endorime en gerant malaichon
411 2918 1394 2987 arron de le uelle ou claine clina
381 2957 1612 3063 Duidoemy donclirment et celle que uisa
