3104 4140
1334 699 2514 788 uit ua ly rois leuris a lechiere hardie
1323 758 2726 850 duauenques se uent est enkres en rõmeme
1212 809 2535 901 qusqua rõme le grant ne sy aresta mie
1254 869 2195 961 la estoit ly chites enueron ases
1244 917 2639 1025 Ie Rache roir butor le seigneur de honguerie
1249 982 2227 1058 ii nulle tiets auoit en se balie
1231 1032 2427 1115 Mes aun corde Rõme celle chite garme
1226 1078 2521 1173 yauoit unr porte que point mert assegie
1208 1138 2404 1219 Par la entra heuris a toute lest uanie
1228 1184 2429 1278 En le chite de rõure bainere desploie
1226 1244 2478 1340 sapostole camens que tant at sagnourie
1201 1297 2379 1393 uint encoutre le roy atoute se clergie
1336 1352 2558 1460 dieus qualen contre fu ly Ioit epanchie
1228 1430 2266 1529 Iy papes a colale Roy chiere hardie
1214 1492 2606 1593 Dianx fierps bien uenies uous en celle partie
1219 1559 2416 1642 iauoie drant mestier selchies de uestre air
1214 1607 2457 1695 Car sarazine gent out sur moy tel eme
1214 1662 2487 1754 Cuele surte outiure sans fare departie
1226 1718 2388 1800 Eet ne. se parteront sarout rõmi saisie
1219 1766 2501 1851 Eusement lont Iure celle gent paienme
1208 1816 2409 1899 Gire che dist heuruz Ia Ihũs ne lotrie
1217 1876 2360 1952 Aidout se est moutes en le sale uantie
1214 1920 2485 2007 suenques lapostole qui tant at seignourie
1201 1968 2496 2067 Cest assis au mengier le table fust deechu
1394 2023 2590 2116 su ly rois hruris dedeus põme le grant
1235 2079 2560 2168 aueucques lapostole ou palais reluisant
1210 2139 2312 2235 La furent bien serux ch̾r et sergant
1210 2173 2521 2288 Heuris ua par le sale ces pilers Regardamit
1208 2247 2441 2332 Su il auoit ymages et derier et deuant
1208 2288 2514 2392 Eu le fourme de lame ⁊ en son sien samblant
1210 2336 2770 2451 Et quant heuris les uoit moult ii ua meruillant
1217 2396 2448 2502 le mencer uaester ⁊ uadutout pensant
1198 2447 2508 2550 Des ymaghes qui sont par le palais luisant
1212 2509 2597 2619 Et dist a lui mesmes iay meruelle tros grant
1201 2564 2630 2668 De che que ces ymagesz uout xnsy resaublant
1198 2622 2397 2716 Elame me moulier que de biante atant
1194 2670 2485 2769 Car que naroit uent onques en sen uiuant
1196 2730 2319 2817 Elame cuue fois ⁊ alist regardant
1196 2769 2519 2865 fhes ⁊ mages que uoi cly endroit apurant
1205 2819 2429 2927 Se Cira il uola elame o corps ꝓ laisaot
1198 2886 2565 2969 Euse ment Ast ly roy que ie uoy regardant
1201 2950 2586 3072 Le bon pase clement ua le ben xoy apelant
