<?xml version="1.0" encoding="UTF-8"  standalone="yes"?>
<PcGts xmlns="http://schema.primaresearch.org/PAGE/gts/pagecontent/2019-07-15" xmlns:xsi="http://www.w3.org/2001/XMLSchema-instance" xsi:schemaLocation="http://schema.primaresearch.org/PAGE/gts/pagecontent/2019-07-15 http://schema.primaresearch.org/PAGE/gts/pagecontent/2019-07-15/pagecontent.xsd">
  <Metadata>
	<Creator>escriptorium</Creator>
	<Created>2025-10-15T20:24:08.418371+00:00</Created>
        <LastChange>2025-10-15T20:24:08.418396+00:00</LastChange>

  </Metadata>
  <Page imageFilename="620416201_MS0742_0766_0062A.jpg" imageWidth="3104" imageHeight="4140">

    
    <TextRegion id="eSc_textblock_4d3504b3"  custom="structure {type:text;}">
      <Coords points="1525,598 1652,625 1682,772 1872,763 1919,818 1900,862 1728,862 1698,892 1854,947 1845,1000 1725,1094 1753,1331 1670,1490 1688,1626 1737,1674 1817,1683 1845,1754 1626,1846 1606,1975 1707,2143 1707,2251 1808,2336 1790,2546 1698,2714 1707,2831 1900,2888 1937,3033 890,3088 82,3042 55,1230 82,690 1256,690 1394,671 1525,598"/>
      
      
      <TextLine id="eSc_line_fc8b414b" custom="structure {type:default;}">
        <Coords points="200,763 200,779 236,793 239,793 241,793 342,791 345,791 347,791 347,788 356,779 358,779 375,779 510,793 513,793 697,781 766,777 780,781 807,791 809,791 812,791 860,781 881,777 897,781 927,791 929,791 931,791 934,791 971,781 991,777 1079,781 1201,788 1203,788 1281,781 1369,775 1398,781 1421,788 1424,788 1426,788 1635,781 1638,756 1631,703 1237,713 1203,708 1157,699 1155,699 1021,710 943,715 892,710 791,701 789,701 674,713 630,717 609,715 556,703 554,703 480,715 464,717 457,715 421,703 418,703 416,703 414,703 411,703 411,706 400,717 398,719 331,719 326,717 273,703 271,703 269,703 197,717 200,763"/>
        <Baseline points="200,763 1638,756"/>
        <TextEquiv conf="0.9774293150220599">
          <Unicode>que du sauit escrit oubuanee estoit</Unicode>
        </TextEquiv>
      </TextLine>

      
      
      <TextLine id="eSc_line_bd6ff872" custom="structure {type:default;}">
        <Coords points="92,841 92,862 223,855 271,862 301,867 303,867 340,862 425,850 582,860 584,860 646,848 708,860 722,862 724,862 727,862 734,860 775,848 814,860 828,864 830,864 832,864 835,864 837,864 842,860 860,846 1619,855 1622,827 1617,791 1435,775 1433,775 1431,775 1403,788 1373,772 1371,772 1369,772 1366,772 1334,788 1329,793 1281,793 1277,788 1260,775 1258,775 1256,775 1254,775 1251,775 1249,775 1228,788 1226,791 1212,788 1168,781 1166,781 1102,788 1060,793 984,793 980,788 968,777 966,777 964,777 899,777 897,777 895,777 892,777 876,788 869,793 828,788 786,784 784,784 782,784 780,784 775,788 766,795 669,788 605,784 602,784 600,784 591,788 570,798 533,788 515,784 513,784 510,784 483,788 430,798 384,788 352,781 349,781 347,781 329,788 292,800 260,788 248,784 246,784 243,784 89,786 92,841"/>
        <Baseline points="92,841 1622,827"/>
        <TextEquiv conf="0.9777115091681481">
          <Unicode>Clariande ot anon en dieu moilt se fioit</Unicode>
        </TextEquiv>
      </TextLine>

      
      
      <TextLine id="eSc_line_bb488743" custom="structure {type:default;}">
        <Coords points="1872,772 1810,779 1817,841 1817,869 1889,860 1889,837 1879,775 1872,772"/>
        <Baseline points="1817,841 1889,837"/>
        <TextEquiv conf="0.9996803998947144">
          <Unicode>4</Unicode>
        </TextEquiv>
      </TextLine>

      
      
      <TextLine id="eSc_line_cb9922a9" custom="structure {type:default;}">
        <Coords points="98,906 98,919 213,919 216,919 236,936 239,936 241,936 243,938 306,938 306,936 411,919 414,919 439,936 441,936 444,936 446,936 448,936 450,936 471,922 524,931 526,931 607,917 618,917 625,917 660,929 662,929 664,929 724,917 731,917 738,917 796,931 798,931 895,917 899,917 901,917 957,933 959,933 961,933 964,933 998,917 1033,933 1035,933 1037,936 1120,936 1120,933 1122,933 1180,915 1182,915 1187,915 1231,931 1233,931 1235,933 1599,933 1599,931 1601,931 1665,913 1665,899 1661,860 1537,844 1534,844 1532,844 1488,857 1092,848 1090,848 1088,848 1040,860 628,846 625,846 448,862 444,862 441,862 255,848 253,848 181,862 133,848 131,848 128,848 126,848 96,860 98,906"/>
        <Baseline points="98,906 1665,899"/>
        <TextEquiv conf="0.9857361614704132">
          <Unicode>Et estoit moult dolante que ses peres estoit</Unicode>
        </TextEquiv>
      </TextLine>

      
      
      <TextLine id="eSc_line_c2d58686" custom="structure {type:default;}">
        <Coords points="94,982 94,1011 213,1000 278,1011 294,1014 296,1014 329,1011 423,1002 543,1009 607,1014 609,1014 612,1014 614,1014 618,1009 632,1000 651,1009 664,1016 667,1016 669,1016 671,1016 674,1016 681,1009 690,1005 740,1009 816,1016 819,1016 821,1016 846,1009 867,1002 904,1009 952,1016 954,1016 1074,1007 1148,1002 1168,1007 1198,1014 1201,1014 1203,1014 1302,1007 1327,1005 1329,1007 1346,1018 1348,1018 1350,1018 1352,1018 1355,1018 1392,1005 1396,1005 1433,1005 1732,1018 1734,1018 1810,1002 1813,988 1810,947 1615,947 1610,942 1587,929 1585,929 1583,929 1580,929 1451,940 1447,940 1445,940 1403,929 1401,929 1398,929 1396,929 1375,940 1359,947 1346,940 1323,929 1320,929 1318,929 1316,929 1286,938 1256,947 1180,938 1164,936 1161,936 1159,936 1157,936 1138,945 1113,936 1088,926 1086,926 1083,926 1081,926 1063,936 1044,945 991,933 952,926 950,926 947,926 934,933 911,945 865,933 862,933 860,933 858,933 812,945 782,931 780,931 777,931 770,931 667,945 618,929 605,924 602,924 600,924 517,926 184,942 94,922 94,982"/>
        <Baseline points="94,982 1813,988"/>
        <TextEquiv conf="0.9799052185482449">
          <Unicode>Eutres en ung erreur Car dieu moult despitoit</Unicode>
        </TextEquiv>
      </TextLine>

      
      
      <TextLine id="eSc_line_f3030629" custom="structure {type:default;}">
        <Coords points="151,1062 149,1078 204,1094 207,1094 209,1094 331,1083 352,1099 354,1099 356,1099 358,1099 361,1099 402,1087 501,1101 503,1101 506,1101 508,1101 529,1083 556,1101 559,1101 561,1101 563,1104 752,1104 752,1101 754,1101 789,1087 835,1097 837,1097 839,1097 869,1083 1023,1083 1118,1101 1120,1101 1122,1101 1180,1085 1311,1101 1313,1101 1316,1101 1373,1083 1398,1101 1401,1101 1403,1101 1405,1101 1408,1101 1445,1085 1479,1101 1481,1101 1484,1104 1580,1104 1580,1101 1583,1101 1656,1081 1658,1064 1656,1025 1564,1025 1560,1023 1530,1007 1527,1007 1525,1007 1523,1007 1468,1021 1463,1023 1461,1021 1447,1009 1447,1007 1445,1007 1442,1007 1405,1007 1403,1007 1401,1007 1375,1021 1373,1021 1369,1021 1309,1007 1306,1007 1237,1018 1208,1023 1196,1018 1175,1007 1173,1007 1095,1007 1092,1007 1090,1007 1074,1016 1058,1025 964,1025 920,1014 885,1007 883,1007 881,1007 878,1007 872,1014 855,1025 740,1025 706,1011 694,1007 692,1007 690,1007 687,1007 685,1007 681,1011 664,1023 616,1011 614,1011 612,1011 421,1023 386,1011 384,1011 381,1011 379,1011 377,1011 363,1021 352,1011 349,1011 347,1011 345,1011 271,1023 236,1007 234,1007 151,1005 151,1062"/>
        <Baseline points="151,1062 1658,1064"/>
        <TextEquiv conf="0.9857563333851951">
          <Unicode>⁊ de route se gent dier clainer se faisoit</Unicode>
        </TextEquiv>
      </TextLine>

      
      
      <TextLine id="eSc_line_f675501f" custom="structure {type:default;}">
        <Coords points="96,1138 96,1159 414,1159 416,1159 462,1189 464,1189 467,1189 469,1189 552,1173 584,1189 586,1189 589,1191 653,1191 653,1189 770,1186 773,1186 775,1186 796,1170 816,1186 819,1186 821,1186 823,1186 826,1186 869,1170 929,1186 931,1186 934,1186 936,1186 938,1186 961,1168 998,1186 1000,1186 1003,1186 1157,1184 1159,1184 1161,1184 1208,1154 1267,1179 1270,1179 1272,1179 1274,1179 1316,1161 1364,1182 1366,1182 1369,1182 1371,1182 1373,1182 1373,1179 1392,1163 1403,1173 1405,1173 1408,1173 1410,1173 1412,1173 1415,1173 1442,1154 1447,1152 1493,1152 1495,1138 1488,1104 1366,1104 1359,1101 1334,1085 1332,1085 1329,1085 1327,1085 1325,1085 1288,1099 1274,1106 1263,1099 1233,1085 1231,1085 1228,1085 1226,1085 1224,1085 1201,1099 1189,1106 1175,1099 1155,1090 1152,1090 1150,1090 1148,1090 1122,1099 1102,1106 1088,1097 1076,1090 1074,1090 1072,1090 1069,1090 1067,1090 1053,1097 1037,1106 1000,1097 989,1094 987,1094 984,1094 982,1094 980,1094 977,1097 966,1106 952,1097 943,1090 941,1090 938,1090 936,1090 934,1090 931,1090 924,1097 904,1110 724,1110 708,1097 706,1097 704,1097 701,1097 699,1097 660,1110 641,1094 641,1092 639,1092 637,1092 635,1092 632,1092 630,1092 579,1108 545,1092 526,1083 524,1083 522,1083 520,1083 499,1092 483,1097 416,1090 363,1085 361,1085 358,1085 342,1090 294,1104 248,1087 239,1085 236,1085 234,1085 94,1085 96,1138"/>
        <Baseline points="96,1138 349,1136 687,1152 1495,1138"/>
        <TextEquiv conf="0.97443105165775">
          <Unicode>Et auoit ung palais ou sen siege tenoit</Unicode>
        </TextEquiv>
      </TextLine>

      
      
      <TextLine id="eSc_line_21f12a3b" custom="structure {type:default;}">
        <Coords points="78,1214 75,1244 202,1244 230,1269 230,1271 232,1271 234,1271 236,1271 239,1271 287,1255 368,1271 370,1271 372,1271 375,1271 375,1269 400,1244 423,1244 450,1244 453,1244 492,1265 494,1265 497,1265 499,1265 533,1255 605,1274 607,1274 609,1274 821,1271 823,1271 826,1271 849,1253 878,1274 881,1274 883,1274 943,1276 945,1276 1023,1260 1115,1276 1118,1276 1120,1276 1122,1276 1164,1248 1201,1260 1203,1260 1205,1260 1348,1246 1350,1223 1346,1177 1242,1170 1240,1170 1237,1170 1235,1170 1231,1175 1208,1191 1143,1179 1141,1179 1056,1200 1005,1200 959,1175 957,1175 954,1175 952,1175 911,1198 846,1198 807,1177 805,1177 803,1177 800,1177 798,1177 768,1198 506,1198 478,1175 476,1175 473,1175 471,1175 393,1189 363,1168 363,1166 361,1166 358,1166 356,1166 354,1166 352,1166 352,1168 331,1182 310,1166 308,1166 306,1166 303,1166 292,1166 202,1179 186,1166 184,1166 181,1166 78,1166 78,1214"/>
        <Baseline points="78,1214 683,1244 1350,1223"/>
        <TextEquiv conf="0.9830213297497142">
          <Unicode>pen fiege magestal ordene y auoit</Unicode>
        </TextEquiv>
      </TextLine>

      
      
      <TextLine id="eSc_line_fd769b3f" custom="structure {type:default;}">
        <Coords points="108,1308 108,1320 177,1334 179,1334 246,1322 271,1343 273,1343 276,1343 278,1343 361,1324 409,1343 411,1343 414,1343 416,1343 471,1322 554,1343 556,1343 559,1343 561,1343 563,1343 591,1324 637,1343 639,1343 641,1343 644,1343 704,1320 814,1340 816,1340 1012,1324 1033,1340 1035,1340 1037,1340 1040,1343 1129,1343 1129,1340 1132,1340 1134,1340 1134,1338 1155,1320 1187,1338 1189,1338 1191,1338 1288,1317 1507,1338 1509,1338 1511,1338 1546,1322 1645,1336 1647,1336 1737,1313 1737,1301 1732,1267 1543,1267 1481,1244 1479,1244 1385,1244 1382,1244 1380,1244 1334,1260 1288,1244 1286,1244 1283,1244 1281,1244 1233,1258 1196,1244 1194,1244 1191,1244 1189,1244 1106,1267 901,1248 899,1248 897,1248 830,1267 671,1258 669,1258 667,1258 635,1269 600,1248 598,1248 595,1248 593,1248 522,1265 460,1248 457,1248 455,1248 453,1248 386,1265 276,1251 273,1251 271,1251 227,1269 207,1253 204,1253 202,1253 131,1248 128,1248 126,1248 124,1248 124,1251 105,1265 108,1308"/>
        <Baseline points="108,1308 1737,1301"/>
        <TextEquiv conf="0.9861306211222773">
          <Unicode>Et par plnsours engrons que ly Rois qͥl auoit</Unicode>
        </TextEquiv>
      </TextLine>

      
      
      <TextLine id="eSc_line_24ac4aca" custom="structure {type:default;}">
        <Coords points="96,1396 230,1389 239,1396 260,1414 262,1414 264,1414 266,1416 368,1416 368,1414 370,1414 372,1414 393,1398 480,1414 483,1414 577,1393 602,1389 612,1393 641,1414 644,1414 646,1414 648,1414 720,1398 807,1414 809,1416 975,1416 975,1414 977,1414 980,1414 1003,1398 1118,1393 1198,1412 1201,1412 1203,1412 1205,1412 1242,1391 1244,1389 1274,1389 1479,1403 1481,1403 1638,1386 1640,1375 1633,1331 1481,1336 1458,1329 1438,1322 1435,1322 1433,1322 1389,1329 1329,1338 1283,1329 1256,1322 1254,1322 1251,1322 1249,1322 1249,1324 1244,1329 1228,1343 1194,1343 1164,1327 1150,1322 1148,1322 1145,1322 1143,1322 1141,1322 1136,1327 1115,1343 1063,1343 1037,1327 1035,1324 1033,1324 1030,1324 1028,1324 1026,1324 1019,1327 987,1338 938,1327 929,1324 927,1324 924,1324 922,1324 920,1324 920,1327 899,1343 694,1343 669,1324 667,1322 664,1322 662,1322 660,1322 644,1324 559,1340 430,1322 416,1322 414,1322 411,1322 409,1322 409,1324 388,1340 329,1327 326,1327 324,1327 289,1340 239,1322 236,1322 234,1322 232,1322 230,1322 174,1336 96,1322 96,1373 96,1396"/>
        <Baseline points="96,1373 743,1384 1640,1375"/>
        <TextEquiv conf="0.9755145368121919">
          <Unicode>Ot ung hõme daraing de les luy la endroit</Unicode>
        </TextEquiv>
      </TextLine>

      
      
      <TextLine id="eSc_line_b2036d4f" custom="structure {type:default;}">
        <Coords points="105,1451 103,1465 172,1488 174,1488 177,1488 179,1488 227,1472 271,1488 273,1488 276,1490 460,1490 460,1488 547,1467 552,1467 559,1467 701,1483 704,1483 706,1483 759,1467 761,1467 782,1483 784,1483 786,1483 892,1488 895,1488 897,1488 934,1474 1037,1488 1040,1488 1042,1488 1083,1469 1088,1467 1090,1469 1132,1488 1134,1488 1136,1488 1138,1488 1173,1474 1203,1483 1205,1483 1208,1483 1210,1483 1212,1483 1212,1481 1226,1469 1231,1467 1362,1467 1371,1469 1403,1481 1405,1481 1408,1481 1576,1469 1578,1449 1573,1409 1302,1396 1300,1396 1297,1396 1270,1405 1233,1419 1196,1405 1171,1396 1168,1396 1166,1396 1164,1396 1143,1405 1109,1419 1023,1403 1003,1400 1000,1400 998,1400 991,1403 961,1421 713,1421 618,1403 616,1403 614,1403 570,1416 501,1398 490,1396 487,1396 485,1396 483,1396 476,1398 421,1419 379,1398 375,1396 372,1396 370,1396 368,1396 365,1396 365,1398 335,1421 246,1421 105,1396 105,1451"/>
        <Baseline points="105,1451 934,1460 1578,1449"/>
        <TextEquiv conf="0.977090830026671">
          <Unicode>Aqui il faisoit dire tout che que il uoloit</Unicode>
        </TextEquiv>
      </TextLine>

      
      
      <TextLine id="eSc_line_68bd96fa" custom="structure {type:default;}">
        <Coords points="105,1517 103,1543 147,1559 149,1559 151,1559 154,1559 195,1540 197,1540 232,1563 234,1563 236,1563 239,1563 241,1563 326,1540 333,1540 340,1540 404,1554 407,1554 503,1545 577,1566 579,1566 582,1566 791,1550 816,1566 819,1566 821,1566 823,1568 895,1568 895,1566 897,1566 954,1545 987,1566 989,1566 991,1566 994,1568 1042,1568 1042,1566 1044,1566 1046,1566 1081,1545 1171,1545 1201,1568 1203,1568 1205,1568 1208,1568 1210,1568 1286,1545 1362,1568 1364,1568 1366,1568 1369,1568 1417,1545 1530,1543 1532,1524 1530,1490 1463,1476 1461,1476 1458,1476 1428,1488 1415,1474 1415,1472 1412,1472 1410,1472 1226,1472 1224,1472 1221,1472 1180,1485 1171,1488 1161,1485 1132,1476 1129,1476 1127,1476 1079,1485 1060,1488 1056,1485 1037,1469 1035,1469 1033,1469 1030,1469 945,1483 929,1485 920,1483 883,1469 881,1469 878,1469 876,1469 851,1483 844,1485 835,1483 796,1469 793,1469 791,1469 789,1469 740,1481 722,1488 621,1488 612,1481 602,1472 600,1472 598,1472 595,1472 593,1472 591,1472 591,1474 584,1481 579,1485 506,1485 499,1478 483,1467 480,1467 478,1467 476,1467 473,1467 453,1478 441,1485 315,1485 292,1476 257,1467 255,1467 253,1467 250,1467 248,1467 234,1476 223,1483 193,1476 154,1467 151,1467 105,1474 105,1517"/>
        <Baseline points="105,1517 1532,1524"/>
        <TextEquiv conf="0.954138009250164">
          <Unicode>Et par cel ungien la ses gens esbahisoit</Unicode>
        </TextEquiv>
      </TextLine>

      
      
      <TextLine id="eSc_line_fccfe74a" custom="structure {type:default;}">
        <Coords points="87,1607 87,1623 292,1642 294,1642 296,1642 342,1623 388,1642 391,1642 393,1642 524,1637 526,1637 529,1637 529,1635 545,1621 547,1621 554,1621 674,1639 676,1639 678,1639 681,1639 701,1621 704,1619 706,1621 743,1637 745,1637 747,1637 750,1637 807,1621 816,1619 826,1621 913,1637 915,1637 1003,1619 1019,1616 1067,1619 1260,1630 1263,1630 1265,1630 1311,1616 1325,1614 1336,1616 1375,1628 1378,1628 1380,1628 1382,1628 1405,1616 1408,1616 1412,1616 1474,1628 1477,1628 1624,1614 1626,1596 1622,1561 1539,1543 1537,1543 1534,1543 1502,1559 1497,1561 1488,1559 1417,1543 1415,1543 1412,1543 1373,1559 1364,1561 1166,1557 989,1554 987,1554 984,1554 982,1554 980,1557 968,1566 906,1557 890,1554 888,1554 885,1554 883,1554 883,1557 867,1568 740,1568 717,1554 704,1547 701,1547 699,1547 697,1547 678,1554 641,1568 602,1557 600,1557 598,1557 515,1568 499,1557 497,1557 494,1557 492,1557 490,1557 487,1557 471,1568 448,1552 444,1550 441,1550 439,1550 437,1550 434,1550 423,1552 384,1566 280,1552 271,1552 269,1552 266,1552 264,1552 241,1568 85,1552 87,1607"/>
        <Baseline points="87,1607 1626,1596"/>
        <TextEquiv conf="0.9914609662124089">
          <Unicode>Car ly astore dist qui pas menter ne doibt</Unicode>
        </TextEquiv>
      </TextLine>

      
      
      <TextLine id="eSc_line_9f8fd8b5" custom="structure {type:default;}">
        <Coords points="92,1688 138,1699 140,1699 250,1688 266,1688 271,1688 303,1699 306,1699 308,1699 310,1699 338,1688 340,1688 354,1699 356,1699 358,1699 361,1699 363,1699 398,1688 400,1688 402,1688 439,1708 441,1708 570,1713 572,1713 669,1697 773,1713 775,1713 872,1708 874,1708 876,1708 901,1688 945,1713 947,1713 950,1715 1201,1715 1201,1713 1203,1713 1263,1688 1318,1701 1320,1701 1323,1701 1431,1690 1449,1704 1449,1706 1451,1706 1454,1706 1456,1706 1458,1706 1493,1692 1587,1701 1589,1701 1592,1701 1649,1685 1649,1672 1647,1637 1594,1619 1592,1619 1481,1619 1479,1619 1477,1619 1474,1619 1451,1635 1449,1635 1433,1635 1300,1619 1297,1619 1295,1619 1254,1632 1242,1635 1221,1630 1155,1619 1152,1619 1150,1619 1129,1630 1120,1635 1090,1630 1042,1621 1040,1621 1037,1621 1035,1621 1023,1628 1012,1637 895,1637 860,1628 828,1619 826,1619 823,1619 821,1619 819,1619 809,1626 796,1635 750,1626 722,1621 720,1621 692,1626 632,1635 589,1623 568,1619 566,1619 563,1619 561,1619 545,1623 499,1637 384,1637 312,1621 301,1619 299,1619 296,1619 294,1619 294,1621 271,1637 188,1637 170,1621 170,1619 167,1619 165,1619 92,1619 92,1672 92,1688"/>
        <Baseline points="92,1672 867,1683 1649,1672"/>
        <TextEquiv conf="0.9895513561036852">
          <Unicode>Eue les diables denfer en ses fais se melloit</Unicode>
        </TextEquiv>
      </TextLine>

      
      
      <TextLine id="eSc_line_b8cd3806" custom="structure {type:default;}">
        <Coords points="1820,1708 1757,1688 1755,1688 1753,1688 1665,1690 1663,1690 1633,1706 1454,1701 1451,1701 1417,1706 1382,1713 1339,1706 1244,1692 1242,1692 1240,1692 1201,1706 1178,1715 699,1718 653,1701 639,1697 637,1697 533,1697 531,1697 529,1697 520,1701 483,1720 416,1720 386,1699 384,1699 381,1699 379,1699 377,1699 375,1699 333,1718 94,1699 94,1743 94,1777 280,1777 296,1789 299,1789 301,1789 303,1789 306,1789 308,1789 319,1777 365,1796 368,1796 370,1796 372,1796 375,1796 395,1780 407,1789 409,1789 411,1789 414,1789 416,1789 473,1775 490,1787 492,1787 494,1787 497,1787 598,1775 646,1793 648,1793 651,1793 731,1775 766,1791 768,1791 770,1791 954,1775 984,1791 987,1791 989,1793 1060,1793 1060,1791 1198,1780 1254,1789 1256,1789 1258,1789 1297,1770 1780,1784 1783,1784 1785,1784 1831,1764 1831,1743 1829,1727 1820,1708"/>
        <Baseline points="94,1743 628,1761 1831,1743"/>
        <TextEquiv conf="0.9839754927158356">
          <Unicode>Far trestouted les herrres que chas pus cõmandoit</Unicode>
        </TextEquiv>
      </TextLine>

      
      
      <TextLine id="eSc_line_1c7847c5" custom="structure {type:default;}">
        <Coords points="98,1816 96,1835 269,1835 271,1835 301,1858 303,1858 306,1858 308,1858 391,1849 471,1860 473,1860 476,1860 478,1860 508,1837 538,1860 540,1860 543,1860 545,1860 547,1860 623,1837 648,1858 651,1858 653,1858 655,1858 722,1849 805,1862 807,1865 899,1865 899,1862 901,1862 904,1862 922,1849 941,1862 943,1862 945,1862 947,1865 1090,1865 1090,1862 1092,1862 1095,1862 1095,1860 1104,1853 1113,1862 1115,1862 1118,1862 1120,1862 1122,1862 1125,1862 1148,1842 1175,1860 1178,1860 1180,1860 1182,1860 1251,1846 1290,1856 1293,1856 1295,1856 1297,1856 1300,1856 1323,1842 1504,1842 1507,1819 1502,1782 1350,1777 1348,1777 1346,1777 1339,1780 1323,1789 1304,1780 1295,1775 1293,1775 1290,1775 1260,1780 1203,1789 1171,1780 1159,1775 1157,1775 1155,1775 1152,1775 1150,1775 1148,1777 1132,1789 1014,1777 954,1773 952,1773 950,1773 931,1777 897,1787 869,1777 858,1773 855,1773 853,1773 851,1773 849,1773 849,1775 846,1777 835,1789 770,1789 750,1775 745,1773 743,1773 740,1773 738,1773 699,1775 602,1784 575,1775 561,1770 559,1770 556,1770 554,1770 552,1770 552,1773 549,1775 538,1787 391,1787 306,1773 266,1768 264,1768 234,1773 188,1780 98,1773 98,1816"/>
        <Baseline points="98,1816 964,1833 1507,1819"/>
        <TextEquiv conf="0.9955553223447102">
          <Unicode>Fout Marmy se chete sy hi deuo uens auoit</Unicode>
        </TextEquiv>
      </TextLine>

      
      
      <TextLine id="eSc_line_c778b97e" custom="structure {type:default;}">
        <Coords points="96,1883 96,1906 236,1906 241,1906 280,1934 283,1934 285,1934 287,1934 289,1934 342,1911 411,1934 414,1934 416,1936 453,1936 453,1934 455,1934 457,1934 492,1911 591,1931 593,1931 595,1931 598,1931 598,1929 618,1908 667,1931 669,1931 671,1931 724,1922 904,1934 906,1934 1019,1915 1132,1918 1134,1918 1136,1918 1168,1904 1171,1904 1178,1904 1318,1920 1320,1920 1500,1902 1502,1888 1500,1858 1456,1842 1454,1842 1451,1842 1449,1842 1421,1856 1371,1835 1369,1835 1323,1835 1320,1835 1318,1835 1316,1835 1316,1837 1295,1853 1228,1835 1226,1835 1224,1835 1221,1835 1219,1835 1198,1849 1076,1839 1074,1839 1072,1839 1069,1839 1069,1842 1058,1851 1049,1860 752,1860 729,1846 715,1837 713,1837 710,1837 708,1837 706,1837 683,1844 641,1858 600,1846 598,1846 595,1846 494,1858 473,1842 469,1837 467,1837 464,1837 462,1837 460,1837 448,1842 430,1849 379,1839 356,1837 354,1837 352,1837 349,1837 347,1839 317,1858 292,1844 289,1844 287,1844 285,1844 255,1858 94,1837 96,1883"/>
        <Baseline points="96,1883 591,1899 1502,1888"/>
        <TextEquiv conf="0.9745778454975649">
          <Unicode>pue pluiseurs arbres Grans a cerre trebucoit</Unicode>
        </TextEquiv>
      </TextLine>

      
      
      <TextLine id="eSc_line_f149b49b" custom="structure {type:default;}">
        <Coords points="108,1952 105,1975 225,1989 227,1989 287,1977 306,1975 310,1980 324,1989 324,1991 326,1991 329,1991 331,1991 414,1987 444,2000 446,2000 448,2003 531,2003 531,2000 533,2000 536,2000 536,1998 549,1984 582,2003 584,2003 740,2005 743,2005 915,2003 918,2003 954,1989 1023,2003 1026,2003 1267,1989 1270,1968 1263,1929 727,1936 713,1929 704,1920 701,1920 699,1920 697,1920 660,1929 632,1934 584,1929 497,1918 494,1918 340,1929 317,1929 310,1920 308,1920 308,1918 306,1918 303,1918 301,1918 220,1927 172,1911 170,1911 124,1911 121,1911 119,1911 117,1911 117,1913 108,1922 108,1952"/>
        <Baseline points="108,1952 750,1977 1270,1968"/>
        <TextEquiv conf="0.9614016993625744">
          <Unicode>nainte maison qussy a terre reuersoit</Unicode>
        </TextEquiv>
      </TextLine>

      
      
      <TextLine id="eSc_line_6f4883f8" custom="structure {type:default;}">
        <Coords points="994,1975 991,1975 989,1975 982,1982 959,1998 602,1998 568,1977 566,1977 563,1977 561,1977 554,1977 439,1996 335,1977 333,1977 331,1977 296,1991 280,1977 280,1975 278,1975 276,1975 273,1975 266,1975 188,1987 124,1975 124,2033 126,2067 161,2049 269,2051 280,2065 285,2067 285,2070 287,2070 289,2070 292,2070 315,2065 384,2049 545,2049 584,2060 591,2063 593,2063 595,2063 598,2063 605,2060 618,2056 623,2060 632,2067 632,2070 635,2070 637,2070 639,2070 641,2070 671,2060 697,2051 710,2060 724,2070 727,2070 729,2070 731,2070 734,2070 761,2058 777,2051 786,2058 800,2070 803,2070 805,2070 807,2072 855,2072 855,2070 938,2056 984,2049 1012,2056 1069,2070 1072,2070 1074,2070 1217,2056 1231,2065 1233,2065 1235,2065 1237,2065 1240,2065 1242,2065 1254,2056 1272,2070 1274,2070 1277,2070 1279,2070 1281,2070 1334,2056 1348,2067 1348,2070 1350,2070 1352,2070 1355,2072 1442,2072 1442,2070 1445,2070 1447,2070 1470,2049 1472,2049 1571,2049 1573,2023 1569,1987 1306,1975 1304,1975 1302,1975 1300,1975 1288,1984 1265,1998 1226,1998 1171,1982 1141,1975 1138,1975 1136,1975 1102,1982 1037,1996 1010,1982 998,1975 996,1975 994,1975"/>
        <Baseline points="124,2033 1079,2040 1573,2023"/>
        <TextEquiv conf="0.9556926419568617">
          <Unicode>et le gent ache roy que soubz luy iustisoit</Unicode>
        </TextEquiv>
      </TextLine>

      
      
      <TextLine id="eSc_line_ebdce0cf" custom="structure {type:default;}">
        <Coords points="103,2099 105,2134 147,2118 230,2134 264,2139 266,2139 269,2139 271,2139 278,2132 287,2125 296,2132 299,2134 301,2134 303,2134 306,2134 335,2132 483,2116 513,2129 533,2139 536,2139 538,2139 540,2139 543,2139 543,2136 552,2129 568,2116 598,2116 621,2129 637,2139 639,2139 641,2139 644,2141 685,2141 685,2139 687,2139 690,2139 706,2127 722,2118 858,2118 867,2125 883,2139 883,2141 885,2141 888,2141 890,2143 980,2143 980,2141 1074,2136 1076,2136 1079,2136 1099,2122 1106,2118 1111,2122 1125,2134 1125,2136 1127,2136 1129,2136 1132,2136 1214,2127 1247,2141 1249,2141 1251,2141 1254,2141 1302,2120 1309,2118 1594,2118 1596,2095 1589,2051 1000,2067 934,2056 895,2051 892,2051 890,2051 888,2051 881,2058 865,2070 821,2070 803,2058 782,2049 780,2049 777,2049 775,2049 734,2058 717,2063 713,2058 701,2049 699,2049 697,2049 694,2049 692,2049 653,2060 648,2060 646,2060 623,2049 621,2049 471,2049 469,2049 467,2049 464,2049 453,2060 437,2049 434,2049 432,2049 430,2049 427,2049 400,2063 393,2067 276,2067 271,2063 248,2049 246,2049 243,2049 241,2049 239,2049 186,2065 184,2065 179,2065 128,2049 126,2049 124,2049 121,2049 119,2049 103,2058 103,2099"/>
        <Baseline points="103,2099 1161,2109 1596,2095"/>
        <TextEquiv conf="0.9932751825877598">
          <Unicode>le sauoient que faire cascuns adont uenoit</Unicode>
        </TextEquiv>
      </TextLine>

      
      
      <TextLine id="eSc_line_5a41ae2a" custom="structure {type:default;}">
        <Coords points="94,2182 94,2198 234,2212 236,2212 239,2212 262,2201 319,2210 322,2210 404,2198 411,2198 427,2210 430,2210 432,2210 434,2210 485,2198 497,2196 503,2198 556,2219 559,2219 561,2219 563,2219 612,2198 618,2196 646,2198 876,2219 878,2219 881,2219 883,2219 883,2217 904,2198 957,2217 959,2217 961,2217 1056,2203 1136,2214 1138,2214 1141,2214 1143,2214 1166,2201 1279,2217 1281,2217 1387,2208 1389,2208 1392,2208 1392,2205 1403,2196 1410,2191 1461,2196 1596,2208 1599,2208 1601,2208 1626,2196 1633,2191 1675,2194 1679,2173 1675,2139 1599,2127 1596,2127 1511,2136 1486,2139 1470,2136 1405,2122 1403,2122 1348,2134 1327,2120 1325,2120 1323,2120 1320,2120 1237,2127 1235,2127 1233,2127 1226,2134 1217,2141 1184,2134 1127,2122 1125,2122 1122,2122 1120,2122 1109,2134 1097,2141 1053,2134 1003,2125 1000,2125 998,2125 996,2125 987,2132 973,2143 872,2143 851,2132 846,2127 844,2127 842,2127 839,2127 837,2127 835,2127 835,2129 830,2132 816,2143 773,2132 770,2132 768,2132 766,2132 763,2132 745,2143 720,2132 706,2125 704,2125 701,2125 669,2129 595,2143 446,2129 421,2127 418,2127 416,2127 414,2127 414,2129 393,2145 368,2134 365,2134 363,2134 361,2134 324,2143 301,2127 299,2127 296,2127 294,2127 292,2127 289,2127 223,2145 174,2127 172,2127 92,2127 94,2182"/>
        <Baseline points="94,2182 1679,2173"/>
        <TextEquiv conf="0.9871536973046093">
          <Unicode>Oeuant le paradis que graibans fait auoit</Unicode>
        </TextEquiv>
      </TextLine>

      
      
      <TextLine id="eSc_line_85ed2569" custom="structure {type:default;}">
        <Coords points="115,2263 115,2272 133,2272 133,2263 133,2205 115,2205 115,2263"/>
        <Baseline points="115,2263 133,2263"/>
        <TextEquiv conf="0.9921567440032959">
          <Unicode>l</Unicode>
        </TextEquiv>
      </TextLine>

      
      
      <TextLine id="eSc_line_a936f298" custom="structure {type:default;}">
        <Coords points="151,2263 151,2281 190,2281 213,2302 213,2304 216,2304 218,2304 220,2306 276,2306 276,2304 278,2304 280,2304 280,2302 299,2283 342,2304 345,2304 347,2306 510,2306 510,2304 513,2304 549,2288 729,2304 731,2304 734,2304 736,2304 763,2283 768,2281 780,2283 823,2297 826,2297 828,2297 830,2297 832,2297 846,2286 853,2281 892,2281 906,2286 954,2304 957,2304 959,2304 1037,2286 1044,2286 1053,2286 1113,2295 1115,2295 1118,2295 1148,2288 1161,2283 1166,2288 1184,2302 1187,2302 1189,2302 1191,2302 1270,2288 1300,2283 1435,2288 1438,2263 1435,2226 1260,2228 1237,2224 1203,2214 1201,2214 1198,2214 1196,2214 1168,2221 1150,2228 1138,2221 1122,2214 1120,2214 1118,2214 1083,2221 1051,2228 991,2221 938,2214 936,2214 934,2214 918,2219 892,2231 715,2231 667,2219 646,2214 644,2214 641,2214 639,2214 637,2217 618,2231 478,2231 448,2217 444,2214 441,2214 439,2214 437,2214 434,2214 434,2217 418,2228 388,2214 386,2214 384,2214 381,2214 372,2214 306,2228 285,2214 283,2214 280,2214 151,2214 151,2263"/>
        <Baseline points="151,2263 1438,2263"/>
        <TextEquiv conf="0.981206785548817">
          <Unicode>t se sagenouloit et cascuns proit</Unicode>
        </TextEquiv>
      </TextLine>

      
      
      <TextLine id="eSc_line_34a40fcc" custom="structure {type:default;}">
        <Coords points="85,2350 82,2382 126,2389 128,2389 131,2389 144,2385 186,2366 260,2385 262,2385 264,2385 368,2371 404,2385 407,2385 409,2385 563,2380 577,2389 584,2396 586,2396 589,2396 704,2398 706,2398 708,2398 710,2398 720,2392 738,2375 789,2392 803,2396 805,2396 807,2396 809,2396 812,2396 816,2392 846,2375 929,2394 945,2396 947,2396 950,2396 957,2394 1003,2378 1033,2392 1035,2392 1037,2392 1180,2385 1198,2396 1198,2398 1201,2398 1203,2398 1205,2398 1219,2396 1311,2382 1332,2398 1334,2398 1336,2398 1339,2398 1343,2398 1438,2385 1514,2401 1518,2401 1520,2401 1523,2401 1525,2401 1560,2392 1578,2401 1594,2410 1596,2410 1599,2410 1792,2403 1794,2382 1794,2332 1751,2313 1748,2313 1746,2313 1509,2327 1474,2327 1288,2325 1286,2323 1251,2306 1249,2306 1247,2306 1159,2316 1046,2304 1044,2304 1042,2304 1010,2318 1005,2318 1000,2318 941,2302 938,2302 936,2302 934,2302 931,2302 913,2316 908,2318 883,2316 789,2302 786,2302 784,2302 782,2302 763,2313 757,2318 690,2318 681,2311 662,2297 660,2297 658,2297 543,2297 540,2297 538,2297 515,2309 508,2313 381,2313 370,2306 358,2297 356,2297 354,2297 352,2297 283,2304 236,2309 213,2304 170,2290 167,2290 165,2290 85,2300 85,2350"/>
        <Baseline points="85,2350 1401,2366 1794,2382"/>
        <TextEquiv conf="0.9839512445032597">
          <Unicode>Que il ait dieuo mercut loro. le tourment cessor</Unicode>
        </TextEquiv>
      </TextLine>

      
      
      <TextLine id="eSc_line_5d47c559" custom="structure {type:default;}">
        <Coords points="73,2438 73,2447 71,2467 94,2479 96,2479 98,2479 101,2479 103,2479 115,2467 117,2467 236,2467 239,2467 257,2484 260,2484 262,2484 264,2484 266,2484 296,2467 299,2467 393,2467 395,2467 414,2486 414,2488 416,2488 418,2488 421,2490 473,2490 473,2488 476,2488 478,2488 478,2486 499,2470 600,2484 602,2484 720,2474 740,2488 743,2488 745,2488 747,2488 750,2488 796,2470 819,2490 821,2490 823,2490 826,2490 908,2472 931,2490 934,2490 936,2490 938,2493 1040,2493 1040,2490 1042,2490 1044,2490 1060,2474 1148,2470 1251,2481 1254,2481 1256,2481 1283,2470 1323,2490 1325,2490 1327,2490 1329,2490 1378,2474 1431,2490 1433,2490 1435,2490 1560,2467 1562,2451 1557,2401 1477,2412 1456,2401 1447,2394 1445,2394 1442,2394 1440,2394 1438,2394 1435,2394 1426,2401 1410,2412 1382,2401 1355,2389 1352,2389 1350,2389 1348,2389 1325,2401 1302,2415 1219,2415 1180,2403 1134,2389 1132,2389 1063,2389 1060,2389 1058,2389 1023,2403 1014,2408 1007,2403 984,2389 982,2389 980,2389 977,2389 975,2389 973,2389 957,2403 945,2412 570,2412 566,2405 545,2389 545,2387 543,2387 540,2387 462,2387 460,2387 457,2387 421,2408 416,2410 411,2408 381,2387 379,2387 377,2387 375,2387 262,2405 197,2387 195,2387 98,2387 96,2387 94,2387 92,2387 92,2389 82,2396 73,2438"/>
        <Baseline points="73,2447 1562,2451"/>
        <TextEquiv conf="0.9980136692523957">
          <Unicode>Par le fel auemy qui sen cõmant faisoit</Unicode>
        </TextEquiv>
      </TextLine>

      
      
      <TextLine id="eSc_line_51e1877b" custom="structure {type:default;}">
        <Coords points="115,2543 112,2564 140,2587 142,2587 144,2587 147,2587 149,2587 193,2573 315,2587 317,2587 319,2587 375,2564 437,2580 439,2580 441,2580 444,2580 503,2564 563,2580 566,2580 568,2580 671,2566 757,2589 759,2589 761,2589 763,2589 835,2566 883,2578 885,2578 888,2578 890,2578 920,2569 952,2592 954,2592 957,2592 959,2594 1145,2594 1145,2592 1148,2592 1191,2576 1221,2592 1224,2592 1226,2592 1334,2569 1514,2587 1516,2587 1603,2576 1723,2585 1725,2585 1728,2585 1730,2585 1751,2569 1753,2553 1751,2513 1477,2513 1472,2509 1461,2500 1458,2500 1456,2500 1454,2500 1343,2507 1300,2509 1293,2507 1265,2493 1263,2493 1260,2493 1187,2504 1155,2509 1138,2504 1109,2493 1106,2493 1104,2493 987,2502 918,2507 906,2500 895,2490 892,2490 890,2490 789,2490 786,2490 784,2490 754,2497 724,2507 713,2497 708,2493 706,2493 704,2493 701,2493 678,2497 637,2507 621,2497 612,2490 609,2490 607,2490 605,2490 520,2495 363,2504 299,2493 276,2488 273,2488 115,2488 115,2543"/>
        <Baseline points="115,2543 1753,2553"/>
        <TextEquiv conf="0.9902873714764913">
          <Unicode>Ensemont chieux gribaux sel hõmes de cheuoit</Unicode>
        </TextEquiv>
      </TextLine>

      
      
      <TextLine id="eSc_line_4bb59111" custom="structure {type:default;}">
        <Coords points="115,2633 115,2668 177,2665 179,2665 181,2665 197,2651 312,2665 331,2665 333,2665 335,2665 338,2665 338,2663 340,2663 349,2651 386,2663 388,2663 391,2663 393,2663 395,2663 398,2663 425,2649 441,2661 441,2663 444,2663 446,2663 448,2663 450,2663 460,2661 497,2651 533,2658 554,2663 556,2663 602,2658 692,2647 720,2656 738,2661 740,2661 743,2661 745,2661 763,2654 789,2645 826,2654 853,2658 855,2658 906,2651 950,2645 966,2649 991,2658 994,2658 996,2658 1099,2647 1145,2642 1180,2645 1272,2654 1274,2654 1277,2654 1302,2642 1309,2640 1323,2642 1392,2654 1394,2654 1463,2638 1465,2619 1461,2582 1408,2571 1405,2571 1403,2571 1378,2582 1369,2585 1318,2580 1242,2576 1240,2576 1237,2576 1235,2576 1235,2578 1233,2578 1231,2580 1226,2587 1097,2580 1023,2578 1021,2578 994,2580 927,2589 888,2580 855,2573 853,2573 814,2580 757,2592 736,2580 722,2573 720,2573 669,2573 667,2573 664,2573 651,2580 628,2592 538,2580 517,2578 515,2578 513,2578 503,2580 448,2594 404,2580 393,2576 391,2576 388,2576 352,2580 241,2594 211,2580 209,2580 112,2580 115,2633"/>
        <Baseline points="115,2633 1465,2619"/>
        <TextEquiv conf="0.9963217393348092">
          <Unicode>Et en sen paradis tout adies se tenoit</Unicode>
        </TextEquiv>
      </TextLine>

      
      
      <TextLine id="eSc_line_7b485e7e" custom="structure {type:default;}">
        <Coords points="87,2711 87,2739 273,2750 276,2750 278,2750 303,2737 315,2732 333,2737 377,2748 379,2748 381,2748 384,2748 432,2734 455,2730 545,2730 552,2734 572,2748 575,2748 577,2748 579,2748 655,2732 678,2727 685,2732 706,2746 708,2746 710,2746 713,2748 828,2748 828,2746 934,2727 954,2725 966,2727 996,2737 998,2737 1000,2737 1003,2737 1026,2727 1030,2723 1226,2723 1231,2725 1247,2734 1249,2734 1251,2734 1254,2734 1371,2723 1392,2720 1398,2720 1449,2739 1451,2739 1454,2739 1569,2718 1571,2697 1564,2656 1265,2661 1219,2656 1136,2647 1134,2647 1132,2647 1109,2656 1104,2658 1097,2656 1074,2647 1072,2647 1069,2647 1003,2656 959,2663 918,2656 865,2649 862,2649 860,2649 842,2656 821,2665 777,2658 740,2651 738,2651 736,2651 734,2651 727,2658 717,2668 646,2668 618,2658 595,2651 593,2651 591,2651 589,2651 586,2651 586,2654 582,2658 570,2670 522,2670 423,2658 365,2654 363,2654 246,2656 243,2656 236,2658 211,2670 85,2661 87,2711"/>
        <Baseline points="87,2711 1571,2697"/>
        <TextEquiv conf="0.9994903311133385">
          <Unicode>De sa fille espouser grant uolente auoit</Unicode>
        </TextEquiv>
      </TextLine>

      
      
      <TextLine id="eSc_line_6dfb319e" custom="structure {type:default;}">
        <Coords points="103,2801 103,2817 266,2815 269,2815 301,2829 303,2829 306,2829 510,2810 589,2824 591,2824 593,2824 595,2824 595,2822 609,2810 701,2822 704,2822 823,2806 906,2817 908,2817 911,2817 975,2799 980,2799 984,2799 1086,2812 1088,2812 1217,2794 1231,2792 1237,2792 1281,2806 1283,2806 1286,2808 1435,2808 1435,2806 1640,2783 1642,2766 1638,2723 1463,2716 1461,2716 1458,2716 1438,2727 1424,2734 1410,2727 1387,2718 1385,2718 1382,2718 1251,2720 1249,2720 1219,2734 1205,2739 1189,2734 1152,2723 1150,2723 1148,2723 1145,2723 1115,2737 1113,2737 1109,2737 1028,2725 1026,2725 945,2741 922,2746 908,2743 869,2730 867,2730 865,2730 862,2730 860,2730 844,2743 839,2746 832,2743 784,2737 782,2737 731,2748 717,2750 713,2748 692,2734 690,2734 687,2734 685,2734 683,2734 644,2750 641,2750 635,2750 549,2737 547,2737 545,2737 513,2753 510,2755 503,2755 471,2746 469,2746 467,2746 388,2757 381,2760 347,2760 335,2760 315,2741 312,2741 310,2741 308,2741 306,2741 241,2757 209,2743 207,2743 204,2743 101,2764 103,2801"/>
        <Baseline points="103,2801 1642,2766"/>
        <TextEquiv conf="0.9846631710122271">
          <Unicode>Lel barons de se terre a luy uenir faison</Unicode>
        </TextEquiv>
      </TextLine>

      
      
      <TextLine id="eSc_line_4d7d157c" custom="structure {type:default;}">
        <Coords points="96,2863 98,2909 144,2893 232,2907 255,2909 257,2909 260,2909 269,2904 296,2893 370,2902 372,2902 375,2902 377,2902 379,2902 398,2891 416,2902 425,2907 427,2907 430,2909 570,2909 570,2907 572,2907 593,2898 616,2886 630,2895 630,2898 632,2898 635,2898 637,2898 639,2898 641,2898 641,2895 655,2886 786,2893 814,2893 816,2893 819,2893 821,2893 821,2891 832,2881 858,2891 888,2902 890,2902 892,2902 1083,2886 1118,2900 1120,2900 1122,2900 1125,2900 1127,2900 1148,2884 1150,2881 1159,2884 1198,2893 1201,2893 1203,2893 1281,2879 1306,2877 1398,2877 1403,2877 1472,2898 1474,2898 1477,2898 1479,2898 1481,2898 1511,2875 1553,2872 1553,2854 1548,2817 1327,2803 1325,2803 1323,2803 1320,2803 1320,2806 1306,2815 1302,2822 1182,2822 1175,2815 1166,2808 1166,2806 1164,2806 1161,2806 1111,2806 1109,2806 1106,2806 1079,2815 1051,2824 998,2815 977,2812 975,2812 938,2815 814,2826 766,2815 743,2810 740,2810 738,2810 727,2815 694,2826 635,2817 632,2817 570,2829 547,2815 545,2815 543,2815 540,2815 538,2815 476,2829 439,2815 434,2812 432,2812 430,2812 409,2815 287,2831 266,2815 264,2815 262,2815 260,2815 257,2815 211,2826 94,2815 96,2863"/>
        <Baseline points="96,2863 648,2870 1553,2854"/>
        <TextEquiv conf="0.9969334871996016">
          <Unicode>Et leur dist seigneur oies con uous diroit</Unicode>
        </TextEquiv>
      </TextLine>

      
      
      <TextLine id="eSc_line_c3c91a9b" custom="structure {type:default;}">
        <Coords points="230,2944 230,2962 855,2978 858,2978 1184,2966 1187,2966 1196,2962 1231,2948 1265,2962 1283,2971 1286,2971 1288,2971 1290,2971 1293,2971 1304,2962 1332,2946 1412,2957 1415,2957 1417,2957 1442,2944 1642,2941 1852,2962 1856,2923 1852,2886 1792,2886 1790,2886 1748,2865 1746,2865 1744,2865 1619,2881 1500,2868 1497,2868 1495,2868 1493,2868 1470,2881 1382,2870 1380,2870 1378,2870 1375,2870 1359,2884 1281,2872 1279,2872 1277,2872 1219,2893 1184,2875 1182,2875 1180,2875 1178,2875 1141,2893 1134,2898 1053,2895 931,2891 929,2891 867,2898 821,2902 812,2898 780,2884 777,2884 775,2884 701,2900 681,2904 674,2900 653,2881 651,2881 648,2881 595,2881 593,2881 591,2881 549,2902 538,2907 526,2902 497,2891 494,2891 492,2891 490,2891 453,2902 448,2904 441,2902 418,2893 416,2893 414,2893 335,2904 329,2904 322,2904 248,2888 246,2888 243,2888 241,2888 227,2898 230,2944"/>
        <Baseline points="230,2944 929,2948 1599,2921 1856,2923"/>
        <TextEquiv conf="0.9538883668311099">
          <Unicode>eigneurs ccedist aribaux chiescachies de certam</Unicode>
        </TextEquiv>
      </TextLine>

      
      
      <TextLine id="eSc_line_9dab6260" custom="structure {type:default;}">
        <Coords points="1909,2955 1803,2950 1801,2950 1762,2957 1698,2966 1585,2957 1518,2950 1516,2950 1514,2950 1511,2950 1504,2957 1486,2969 1412,2969 1382,2957 1366,2950 1364,2950 1362,2950 1359,2950 1336,2957 1288,2971 1037,2971 1010,2957 1000,2953 998,2953 996,2953 994,2953 991,2953 987,2957 966,2969 922,2957 918,2955 915,2955 913,2955 911,2955 908,2955 908,2957 890,2971 775,2971 612,2957 584,2955 582,2955 570,2957 499,2971 448,2957 444,2955 441,2955 439,2955 437,2955 434,2957 404,2973 319,2973 299,2957 299,2955 296,2955 294,2955 292,2955 161,2955 163,3012 163,3056 287,3070 289,3070 292,3070 294,3070 308,3056 315,3054 340,3056 370,3061 372,3061 375,3061 384,3056 421,3042 462,3056 499,3070 501,3070 503,3072 671,3072 671,3070 674,3070 710,3056 752,3042 793,3056 823,3068 826,3068 828,3070 961,3070 961,3068 964,3068 966,3068 980,3056 1003,3040 1074,3049 1076,3049 1079,3049 1129,3033 1224,3045 1226,3045 1228,3045 1231,3045 1247,3033 1371,3042 1373,3042 1438,3031 1527,3031 1599,3056 1606,3058 1608,3058 1610,3058 1612,3058 1617,3056 1665,3031 1856,3031 1916,3056 1921,3006 1919,2985 1909,2955"/>
        <Baseline points="163,3012 1921,3006"/>
        <TextEquiv conf="0.9786805088321368">
          <Unicode>ꝑue Ie suiy dieux clanres tous le plus souuelain</Unicode>
        </TextEquiv>
      </TextLine>

      
    </TextRegion>
    

    
  </Page>
</PcGts>
