3104 4140
326 683 1525 795 Regarde la royne qui estoit belle et quoye
329 756 1810 857 Et mieux faite de corps que Ie ne uous deoi
342 823 2047 924 Les yeux uars que fautons que as campsz prent leproie
331 887 1548 975 Abelle dist ly rois bñ deues estre moie
324 949 1663 1041 Car se uouz ne temẽs de uo part terroie
306 1009 1849 1101 Se le uales dult uous bien pour quoy le cheleroie
329 1071 1889 1166 Que uous myes seigaeur ou honneur monteploie
315 1140 1686 1237 Loes soit Ihũcrist qui de ses bient menuoie
308 1200 1718 1294 pien scay qua che matin ay cheque ie uoloie
340 1253 1849 1352 seuant uint apres mingier a son corps sesbauoie
335 1317 1500 1412 Et dedint en disant pucelle ie uoroie
324 1370 1751 1472 Iamoier auair de uous c est che que me gueroie
319 1421 1843 1515 Par en crestout le monde pu chelle ne saroit
319 1469 2061 1568 Que mieus me uiengie actoust mengr ne. uous poroit
306 1524 1642 1621 Gire che dist elame Ie nay point de mõnoie
317 1570 1932 1681 Ie el suy paure meschine non pout quant prenderoie
312 1621 1840 1734 Tout clie que me douroit ly rois que tout enuoie
312 1674 1737 1789 On ne doibt Resuser mile rreus quil otroie
322 1724 1863 1842 Puoy que uous soies rois ꝯpoure que ie soir
317 1789 1891 1881 Elie que uans me douries uolentiers Retecroie
308 1869 1776 1945 Et quant ly rois lon sen otocuer grant iou
335 1915 1838 1998 Et ly dist domoiselle uostre amoitt me gueroie
338 1966 1852 2051 lles puis quil est ogusy qua my uo cuer soiroie
342 2012 1737 2109 Et que feres tout che que Ie cõmanderoie
347 2072 1576 2159 e feroi ourage se ge uous resusoie
317 2113 1983 2212 Mes pour cent nille mars o uous ne coulheroie
308 2182 1711 2260 Oeuant che quespoust amoulier uous a roit
308 2231 1774 2316 De llie le merchla le belle simple et quoie
312 2297 352 2392 ¶
536 2288 2024 2380 baux sires dieux que tous biens mont ploie
289 2350 1656 2435 grant auosne feries et moult lie seroie
276 2412 1794 2493 Se mon honueur gardes carenuis dequerroie
299 2470 2093 2569 quis mais ne me plent lions pardieu que tout auoie
301 2536 1872 2617 Mes quant uoy me besoigaie grant folr feroie
352 2587 1801 2677 e par mauuais conseil le bien Ie desmou
303 2647 1541 2734 Bien seroit enploiet se disette en auou
299 2704 1633 2794 Dont la colle ly pis sen amour ly atroie
296 2764 1477 2854 Elame fist monter et se mist a let uoie
296 2815 1652 2904 Ecty fist afu bler unct chier mantel de soie
294 2868 1555 2957 O ses uarous yssy die palais qui flan boie
294 2927 1925 3015 Emuers loidres le grant tous ly carois seeuoit sauoie
301 2980 1629 3084 uue mere ot sy pis aqui dieux mal otroi
