3104 4140
1548 687 2694 804 ont ly doy enfant ẽray le mer salee
1325 747 2742 853 Uauent le marõmer qui claie ot trouuee
1316 800 2563 896 Rrras auoit un cofin ou le main su bout
1327 857 2809 942 Que ly enses porta auent luy mainteauee
1306 896 2809 1007 Osy uermeille estoit le main que fu caugiee
1318 956 2717 1055 Eõmeelle auoit este leprenere Iour nee
1334 1005 2979 1129 moult estoit bras prendons chest bien cose auee
1456 1064 2827 1191 eꝓmaiix in foir iuuoit cose est prouuer
1320 1113 2381 1193 Oerbes et de cachues auoir
1311 1156 2535 1237 Et lous desiroit le sausse et le pure
2429 1131 2563 1200 lUi.
1362 1209 1419 1271 24
1486 1207 2593 1278 bunoit de uni sy grant hauezer
1316 1265 1470 1331 Hien
1318 1315 2572 1380 Far qhuirist ⁊moit d cuer et pensez
2013 1271 2648 1340 ot cascune matmee
1325 1352 2703 1435 Et surpierres Ie gisoit acascune uesprie
1387 1407 2855 1490 e dedens ses serlire ar penanche ordeue
1327 1460 2862 1540 pretoit pierres pentes dont le charot naurei
1288 1508 2837 1589 Nes cam larges estoit chest ueritir prouuer
1428 1563 2827 1632 cuist en deut mars de as mouuoir dorer
1352 1609 2774 1685 e douuast il Pour dieu touta une Iournee
1332 1658 2818 1738 y marõuier les maine premy le mer saler
1348 1708 2839 1796 aut aberent nagant en le ner Redoubtrda
1350 1764 2770 1851 due dus a leyaigne out leiz nef armee
1290 1828 1371 1902 Ia
1389 1816 2653 1897 ne scay aquel port ne aquelle seutree
1251 1867 2745 1950 Mur telye uout moucgat ue iuquie esgarer
1334 1918 2765 2003 y marõner leurdist amoult haulte a leme
1288 1966 2567 2053 Q⁊nfant auesz argent ne mõuoie deres
1265 2044 1323 2118 E
1341 2014 2425 2113 ire che dist lions par le uierge loc
1320 2056 2807 2171 pinques ne cuie demier ne uous ferar chelre
1332 2122 2765 2221 Et quant chieux lentendr sefist unegisee
1408 2185 2942 2288 lourius leui dõna saint faire longuedemorer.
1320 2256 2717 2348 ct se les Reuesty de robe bien paree
1277 2318 2781 2405 De cauches de solern dont forment leur agree
1277 2371 2816 2463 Et chemuises et braiel leur a chips deliuirer
1270 2424 2800 2518 Mies bras nen uestesest pour lor dune idutree
1251 2486 2820 2566 Den frere le bailla que moult bien la uuarder
1493 2530 2708 2615 sout ly doy enfant sur le terre arme
1398 2580 2708 2684 n gentieux anarõniers leura assei liure
1309 2633 2832 2741 ongrer et blant arent s furent bien pare
1302 2693 2740 2789 dt uuis au marõmeront iougiet deqnaus
1288 2748 2754 2845 los cõmandeadiru ⁊ puiẽ sen sont tourur
1233 2803 2747 2900 Tant ont par alemaigue e cerqͥuret et ale
1348 2861 2558 2944 ml unirent abamereͬ gelle noble chit
1318 2916 2597 2980 edens lu boune ulle furent bien estelr
1277 2960 2588 3075 lariaude enfudant᷑ sentenoit lirte
1132 2297 1184 2403 53
