3104 4140
225 687 1564 793 dut de constantmoble est effraite et nee
167 768 1787 864 Hille de aoy auchonce a le chiere aycr ayree
172 848 1615 940 Elame qui tant est uerurelle ⁊ coulouree
195 917 1695 1018 e uous pry de par moy uous laies saluee
365 998 1610 1092 In de mandes cõment ale chelie
156 1064 177 1152 ¶
213 1064 1751 1177 Echest celle de quon Ie uous ay chy parlie
186 1196 1573 1311 faittes le moy mander par lettre saielre
427 1143 1916 1265 chou est ma meche sans point delarestie
181 1269 1642 1384 Sar ou bon Ry anthonre ert la cese mandez
179 1331 1548 1428 iu ulame lo ielle aquis plus dime aure
142 1398 1700 1513 sains pores dist heuris Il soit ꝯ uoue agre
216 1474 1502 1577 e uous en manderax le uerite ꝓrouuee
174 1554 1543 1674 pil plest aihũcrist qui sist tiel et pousre
200 1632 1546 1741 dont apris congiet sans mile demoree
170 1715 1327 1812 Iapestole lya le beneichon dõnee
179 1791 1629 1899 Et atoite Ie ceut qui moult su formenee
179 1865 1481 1987 Gour se parpy geuris a bamere leuee
184 1941 1355 2056 Rõmeme passa celle terle aduree
181 2019 1619 2122 Et loubardie oussy une a cele Riche contrle
184 2111 1507 2212 Mes en ꝓcel pais ot passe celle auee
177 2187 1612 2286 e Riclie Roy auchorne quitant ot Renõies
179 2260 1465 2369 Iui Ie fille quiroit elame lomuerre
177 2334 1753 2451 Moult fu delans by aois quant il ne lot nouuee
322 2426 1916 2548 Eigneur chis roiz authourez dõt ie uai senesie
280 2504 1560 2615 Auoit adont passi tout parmy lonbarde
163 2576 1709 2693 de sa fille Rauoir auoit moult drant enue
154 2661 1486 2766 Et auoie iure dieu le fil sancte marie
163 2737 1861 2861 Qui le querroit a tichois tous les iours de sa uie
156 2810 1484 2957 Euil lait Rrouue ainsy ly rois la sie
204 2893 1346 3070 .xxiii aus ala ie ne ueus senr fu
