3104 4140
1175 756 2491 860 ꝑsrãment uous yray en celle mer geter
1166 823 2498 917 Quant elamne lon se cõmelhe a plorer
1171 873 2266 975 Osarasin a dit or me laissies ester
1178 938 2634 1041 uuct pent ch endroii pour mon areposer
1221 1011 2593 1101 et puis firay tout che que uores deuiser
1159 1071 2560 1163 Samne dist ly paren or uous ueullies haster
1173 1140 2625 1232 Dar scacliies uo uiante me fait moist desirer
1279 1196 2397 1290 uo uouchr buisier et de uous acoler
1168 1258 2478 1352 Adont se ua elame adeux doeuons gecter
1189 1324 2468 1416 Et en coukre le chiel aprins aregarder
1161 1386 2420 1483 La preut une orison le billr a ricorder
1173 1446 2577 1543 En disant sires peres quadam uosis former
1173 1515 2494 1598 Et ene se moullier de se ioste ge ieter
1157 1566 2664 1667 Puis leur uansis uiau sire otroier et dẽner
1168 1635 2496 1736 Ton paradis Restre oreut a gouurener
1173 1697 2703 1793 mnes ungt tout seul põmier leur uausc̃ deurer
1205 1764 2588 1862 y aueunis dinfer en uoit eneg tempter
1184 1816 2653 1929 Tant quelle sist adain de che frint aualer
1161 1879 2740 1998 Iors pour che fratt mengier les conuait definer
1233 1943 2791 2065 t perdre leur rchesses et prendre a labourer
1263 2023 2427 2120 apres leur defin dedens infer aler
1166 2088 2650 2180 Et yaux et leur lignie auoies fait dampuer
1187 2148 2183 2254 In aus laissas iufer peupler
1173 2210 2351 2320 Delex lioone adain diable possesser
1164 2281 2556 2371 Eldont uaiyo de pite enamour concord
1184 2348 2498 2424 Tant que feis chaius une uierdee treer
1159 2410 2627 2493 Pure et saintefie et sy noble estorer
1168 2465 2666 2555 Quo chief de tre uiii ans ot elle acuurener
1161 2525 2464 2624 Ton corps ⁊ te poissanche et feis saluer
1161 2589 2404 2688 Par laiglegabrut qui ly dist sans cesser
1168 2658 2586 2748 Aue dame de grache uu il na quamender
1164 2718 2657 2806 En toy descender chieux qui fist chiel et mer
1161 2776 2556 2852 Uierge quant ois langle celle raison conter
1148 2831 2549 2925 Douchement respondis con sage sans ainer
1159 2881 2595 2987 saichelle suyadieu se porult sans cõmander
1152 2946 2609 3035 Oe mon faire tout che qui le poentaureer
1334 2994 2616 3079 e uorul ionsentir che quil uorult acorder
1152 3040 2542 3162 uierge igee plaisans en che digne parler
1359 3114 1514 3203 Diggn
