3104 4140
1242 982 2533 1085 Pu Riche foy ꝯstant a le chiere seuee
1231 1053 2630 1145 Car nescet se il la glame du corpl seuree
1260 1113 2485 1179 ⁊ euremeut reualeres cest bien coseane
1251 1150 2959 1253 Et pour son fil fu sis oussy dont elle fistporter
1260 1216 2480 1306 Fon sy auoit omble arõmme de fres
1240 1260 2623 1354 dont en ale dame maice aue splorre
1274 1299 2701 1407 Elaine a Recenue que moult estait lasser
1233 1357 2708 1453 pres de deus pr ioure fu le uilli effrant
1237 1403 2878 1515 ar gheut crestiemne ue noient a baierebeme
1267 1472 2508 1554 Quant elame loy le dame le lorr
1341 1582 2676 1688 ne a oie demoura ne eure ne iõnu¬
1546 1522 2659 1635 dedensi sou cuer a douques ainsie
1408 1658 2779 1731 ant elaince a oy che fait direet ꝯter
1392 1708 3005 1796 Pue goue krestixnne uenoient pour qaule uilli
1244 1759 2505 1842 dout se ꝯmencha le cdame aainses
1263 1810 2648 1897 tue d la see uolra pifir et deseurer
1405 1865 1760 1945 plaisan che
1840 1851 2825 1961 part saus ꝯgiet demander
1249 1918 2648 1998 Cout parmy lon bardie ꝯ mie caiaa euer
1233 1954 3016 2058 qre que se uus uansisse le canchon demedeinser
1240 2028 2804 2111 Cant a la be Rame colt uous moir parler
1355 2088 2816 2162 uacoura droit atouraint se Rerant oseler
1263 2136 2839 2231 A le court larche uesque le Relief demana
1256 2187 2648 2279 Et a martui sen fil le li dur uaceler
1286 2244 2682 2323 dr aprochi le tampi quee pora raise
1267 2304 2678 2375 Elame le courtoise qui le coaire ait cle
1279 2355 2869 2438 l le uoit bien souuent mais ne ua pas penser
1251 2417 2986 2497 feue fuit le couchr auere qui son corpa uolt porier
1272 2461 2800 2550 or eh baray unpai sil uous plest chyeste
1242 2527 2880 2642 De T che Ray deuꝯleterre ie uoꝰ uoraygtir
1244 2603 2926 2693 ¶gui uint par douant castre est et cengreleuer
1247 2661 2740 2753 urtans ẜu di li eporte quuis sen a la monter
1237 2727 2883 2822 Oroitemont es garitis qne pait aregarir
1329 2792 2876 2895 t puie uoit les crogienu le uilea uirõner
1481 2863 2627 2966 ma quil ot clere se prist a estrier
1235 2925 2818 3042 Meigneier baron dist ⁊ ales uous adouber
1237 3010 1267 3109 5
1297 3003 2843 3098 uoran mainteuant pens crestrens resuillier
1382 3075 2703 3171 chil our Respondu che faitacrean
1297 3146 2848 3252 dont sarment ⁊par li ulle saraqun et escler
1224 3222 2965 3353 Geignier eu coste uille Sout uous mors d len
