3104 4140
1454 724 3021 844 Droitementl a lenfant contre mout le leua
1461 795 3034 915 Et puis ymellement ly prendous le bais
1458 867 3032 991 poult auet grant meruelle du brac quil p
1463 924 2931 1055 A dont uers se maison ly bous sachemina
1442 1005 2825 1138 Sy euporte leufant et Ihũ lrist lea
1470 1083 2818 1205 Se le dame diray qui bien mentẽdera
1458 1159 3014 1313 Quedcesus ue melctaigne dormin et reposa
1454 1237 2936 1380 Atant es unẽtlions que sar le quont monta
1792 1329 3007 1476 qunt pineemẽt uieur ne mẽtiray Ia
1431 1315 1732 1421 Sy por
1435 1409 2786 1524 Eue lame le roine ouques ne sesueilla
1447 1476 2876 1589 ly lious uoit lenfant uistement laprocha
1451 1554 2871 1658 E frauiout la saisy ⁊ puis sen retourna
1447 1621 3011 1743 Cost et isuelle miaie le mortaigne a uala
1654 1692 3016 1828 n porte lenfant ne bret aieue cria
1477 1752 2963 1890 ut en le ferest et pardedeus entra
1463 1833 3009 1957 t dedens se diuere uistement le porta
1523 1911 2604 2007 t Ppour lu soustenir se langne
2634 1920 2936 2012 s dõna
1440 1984 2956 2079 Et l elfes petis uistement le sucha
1596 2051 3011 2159 uous diray de lamre quant elle sesuilla
1438 2109 1737 2196 Ele
1817 2120 3021 2233 uue on er entour luy Regarda
1392 2171 3044 2325 Equãt ne uoit ses enfanl tous ly scaus lyn
1394 2260 2646 2387 Sy dolante de uint que elle sosiria
1428 2334 1668 2426 Erdisi
1723 2352 2869 2472 sainte marie Rome queschecha
1435 2401 3051 2578 De sout my doy enfant ou tant de biaietra
1421 2486 3048 2638 Ouques mais neille d duon dame del doleur ne n
1495 2555 1668 2638 õme
1859 2571 3011 2693 le roine ses doel renouuela
1560 2599 3053 2771 pult Iu ly corps elamnt courechres et delai
1389 2656 1790 2766 QQuaul
1833 2691 3041 2847 uit quelli et pardu aube ses dende
1387 2737 2797 2886 Fonte iour aplourer laisse meschans
1509 2819 3014 2957 on poraige aler pour quoy singe uiuans
1424 2884 1863 2978 Suant mes
1895 2921 3046 3049 fieux ay pardus mal fuchis det
1398 2987 3044 3125 A nul port marmaz bion men sui aperchoie
