<?xml version="1.0" encoding="UTF-8"  standalone="yes"?>
<PcGts xmlns="http://schema.primaresearch.org/PAGE/gts/pagecontent/2019-07-15" xmlns:xsi="http://www.w3.org/2001/XMLSchema-instance" xsi:schemaLocation="http://schema.primaresearch.org/PAGE/gts/pagecontent/2019-07-15 http://schema.primaresearch.org/PAGE/gts/pagecontent/2019-07-15/pagecontent.xsd">
  <Metadata>
	<Creator>escriptorium</Creator>
	<Created>2025-10-15T20:24:35.183117+00:00</Created>
        <LastChange>2025-10-15T20:24:35.183141+00:00</LastChange>

  </Metadata>
  <Page imageFilename="620416201_MS0742_0766_0217A.jpg" imageWidth="3104" imageHeight="4140">

    
    <TextRegion id="eSc_textblock_f9c4ecfb"  custom="structure {type:text;}">
      <Coords points="278,919 1155,947 1182,1011 1164,1138 1274,1186 1286,1223 1366,1232 1366,1359 1431,1515 1348,1554 1265,1747 1293,1821 1293,1883 1247,1931 1283,2051 1265,2150 1357,2244 1348,2601 1265,2766 1329,2904 1421,2934 1421,2996 1304,3015 1311,3052 1228,3091 1247,3134 1201,3199 807,3245 184,3217 184,2484 174,2373 138,2334 138,2180 165,2168 147,1278 110,1002 165,929 278,919"/>
      
      
      <TextLine id="eSc_line_61eab103" custom="structure {type:default;}">
        <Coords points="975,940 952,940 929,938 906,938 883,938 860,938 837,936 814,936 791,936 768,933 745,933 722,933 699,931 676,931 653,931 630,929 607,929 584,929 572,926 285,926 287,977 287,991 982,986 984,961 980,940 975,940"/>
        <Baseline points="287,977 984,961"/>
        <TextEquiv conf="0.9780139640757912">
          <Unicode>ue me uoles acdrdez</Unicode>
        </TextEquiv>
      </TextLine>

      
      
      <TextLine id="eSc_line_f9590d07" custom="structure {type:default;}">
        <Coords points="352,1025 352,1048 1056,1032 1058,1032 1088,1021 1111,1030 1113,1030 1115,1030 1118,1030 1164,1016 1164,1000 1157,965 349,986 352,1025"/>
        <Baseline points="352,1025 1164,1000"/>
        <TextEquiv conf="0.9863367884055428">
          <Unicode>que uous morres demandr</Unicode>
        </TextEquiv>
      </TextLine>

      
      
      <TextLine id="eSc_line_3eb286ee" custom="structure {type:default;}">
        <Coords points="865,1009 853,1016 821,1035 768,1035 729,1021 727,1021 724,1021 641,1035 586,1021 584,1021 582,1021 579,1021 577,1021 577,1023 563,1035 462,1035 460,1035 457,1035 455,1035 434,1051 414,1037 411,1037 409,1037 407,1037 404,1037 402,1037 381,1051 322,1021 319,1021 317,1021 315,1021 230,1021 234,1092 234,1113 977,1083 977,1060 968,1016 915,1030 888,1016 874,1009 865,1009"/>
        <Baseline points="234,1092 977,1060"/>
        <TextEquiv conf="0.9836902241957816">
          <Unicode>Soleur useray ma me</Unicode>
        </TextEquiv>
      </TextLine>

      
      
      <TextLine id="eSc_line_4475e6b3" custom="structure {type:default;}">
        <Coords points="186,1147 186,1173 501,1173 501,1170 503,1170 543,1154 547,1154 549,1154 586,1166 589,1166 591,1166 681,1161 683,1161 685,1161 685,1159 697,1147 720,1159 722,1159 724,1159 727,1159 729,1159 745,1145 752,1143 773,1145 858,1152 860,1152 862,1152 865,1152 865,1150 878,1140 881,1136 885,1138 899,1145 901,1145 904,1145 906,1145 908,1145 908,1143 911,1143 913,1138 918,1133 924,1138 938,1143 941,1143 943,1143 1132,1127 1132,1101 1125,1055 1072,1071 867,1071 809,1071 807,1071 780,1076 715,1090 589,1087 494,1087 492,1087 184,1113 186,1147"/>
        <Baseline points="186,1147 591,1136 1132,1101"/>
        <TextEquiv conf="0.9613632283040455">
          <Unicode>a douẽ freiys qi auon marie</Unicode>
        </TextEquiv>
      </TextLine>

      
      
      <TextLine id="eSc_line_85216aed" custom="structure {type:default;}">
        <Coords points="174,1202 174,1232 906,1207 906,1179 901,1147 690,1136 687,1136 685,1136 683,1136 683,1138 671,1147 664,1156 476,1161 448,1150 434,1145 432,1145 430,1145 317,1150 315,1150 312,1150 310,1152 287,1168 172,1154 174,1202"/>
        <Baseline points="174,1202 469,1202 906,1179"/>
        <TextEquiv conf="0.9311988155047098">
          <Unicode>Qui te porta et nourt</Unicode>
        </TextEquiv>
      </TextLine>

      
      
      <TextLine id="eSc_line_daee171f" custom="structure {type:default;}">
        <Coords points="1240,1173 1235,1170 1164,1184 1129,1175 1109,1170 1106,1170 1104,1170 964,1175 961,1175 959,1175 947,1186 945,1186 904,1177 901,1177 899,1177 897,1177 897,1179 895,1179 895,1182 892,1182 885,1189 883,1191 867,1191 803,1186 800,1186 798,1186 796,1186 786,1196 780,1202 536,1214 473,1214 473,1212 457,1205 437,1205 416,1205 400,1216 331,1207 329,1207 326,1207 299,1219 301,1255 301,1281 605,1265 612,1267 632,1274 635,1274 637,1274 639,1274 662,1265 674,1258 899,1248 913,1251 941,1260 943,1260 945,1260 947,1260 950,1260 950,1258 952,1258 959,1251 961,1246 971,1248 1007,1260 1010,1260 1012,1260 1014,1260 1072,1244 1083,1242 1099,1244 1182,1253 1184,1253 1187,1253 1249,1235 1249,1219 1242,1173 1240,1173"/>
        <Baseline points="301,1255 1249,1219"/>
        <TextEquiv conf="0.9668090279613223">
          <Unicode>que pour tant ⁊auerchy tepry</Unicode>
        </TextEquiv>
      </TextLine>

      
      
      <TextLine id="eSc_line_425c57f9" custom="structure {type:default;}">
        <Coords points="204,1315 204,1354 287,1354 289,1354 296,1352 333,1336 356,1347 363,1352 365,1352 368,1352 370,1352 372,1352 372,1350 377,1347 391,1336 434,1343 460,1347 462,1347 513,1338 598,1324 669,1329 701,1331 704,1331 706,1331 717,1327 736,1317 750,1324 759,1331 761,1331 763,1331 766,1331 768,1331 770,1331 770,1329 780,1322 791,1313 823,1320 846,1324 849,1324 851,1324 874,1317 895,1311 904,1315 918,1322 920,1322 922,1322 924,1322 957,1313 987,1304 1042,1306 1102,1311 1104,1311 1148,1301 1166,1297 1173,1299 1205,1315 1208,1315 1210,1315 1212,1315 1214,1315 1237,1297 1270,1306 1272,1306 1274,1306 1350,1288 1350,1269 1346,1232 1233,1225 1231,1225 1168,1237 1143,1242 1136,1237 1120,1230 1118,1230 1115,1230 1049,1242 998,1248 954,1244 911,1239 908,1239 906,1239 904,1239 897,1246 883,1253 830,1248 786,1244 784,1244 754,1251 713,1260 681,1253 660,1248 658,1248 655,1248 632,1253 593,1265 561,1258 547,1253 545,1253 543,1253 540,1253 522,1258 480,1269 460,1260 455,1258 453,1258 450,1258 448,1258 446,1258 444,1260 425,1271 386,1262 381,1262 379,1262 368,1262 257,1278 202,1269 204,1315"/>
        <Baseline points="204,1315 1350,1269"/>
        <TextEquiv conf="0.9808011660652776">
          <Unicode>ou ay d roy moult grant mesteer</Unicode>
        </TextEquiv>
      </TextLine>

      
      
      <TextLine id="eSc_line_4f9d2990" custom="structure {type:default;}">
        <Coords points="303,1363 306,1393 354,1377 411,1389 418,1389 421,1389 423,1389 430,1386 478,1375 520,1382 531,1384 533,1384 572,1380 710,1363 782,1370 823,1373 826,1373 828,1373 830,1373 837,1366 849,1357 862,1366 865,1368 867,1368 869,1368 872,1368 874,1368 876,1368 881,1363 895,1354 1235,1345 1235,1327 1228,1283 301,1324 303,1363"/>
        <Baseline points="303,1363 1235,1327"/>
        <TextEquiv conf="0.9220124236468611">
          <Unicode>pa me quies moultrbien crpdur</Unicode>
        </TextEquiv>
      </TextLine>

      
      
      <TextLine id="eSc_line_e99d9ddc" custom="structure {type:default;}">
        <Coords points="230,1416 230,1435 717,1426 717,1400 710,1359 227,1375 230,1416"/>
        <Baseline points="230,1416 335,1405 717,1400"/>
        <TextEquiv conf="0.9017920829355717">
          <Unicode>aor gu es pais e</Unicode>
        </TextEquiv>
      </TextLine>

      
      
      <TextLine id="eSc_line_89bab110" custom="structure {type:default;}">
        <Coords points="982,1338 959,1338 936,1340 913,1340 892,1340 881,1340 867,1343 860,1343 798,1345 803,1391 805,1416 998,1396 998,1375 991,1338 982,1338"/>
        <Baseline points="803,1391 998,1375"/>
        <TextEquiv conf="0.999922126531601">
          <Unicode>pora</Unicode>
        </TextEquiv>
      </TextLine>

      
      
      <TextLine id="eSc_line_9b299974" custom="structure {type:default;}">
        <Coords points="1028,1336 1028,1373 1028,1393 1049,1393 1049,1373 1049,1338 1037,1336 1028,1336"/>
        <Baseline points="1028,1373 1049,1373"/>
        <TextEquiv conf="0.9976859092712402">
          <Unicode>U</Unicode>
        </TextEquiv>
      </TextLine>

      
      
      <TextLine id="eSc_line_e10921fc" custom="structure {type:default;}">
        <Coords points="223,1465 225,1488 257,1483 257,1460 250,1423 216,1416 223,1465"/>
        <Baseline points="223,1465 257,1460"/>
        <TextEquiv conf="0.9977082908153534">
          <Unicode>D1</Unicode>
        </TextEquiv>
      </TextLine>

      
      
      <TextLine id="eSc_line_1710c94e" custom="structure {type:default;}">
        <Coords points="938,1382 931,1389 915,1398 839,1393 798,1391 796,1391 793,1391 777,1396 750,1407 469,1416 464,1414 453,1405 450,1405 448,1405 446,1405 372,1419 370,1419 368,1419 319,1405 319,1407 296,1407 296,1409 299,1458 299,1472 340,1485 342,1485 345,1485 347,1485 349,1485 349,1483 352,1483 363,1469 365,1469 434,1481 437,1481 439,1481 469,1465 471,1465 490,1478 492,1478 494,1478 497,1478 897,1451 911,1462 913,1462 915,1462 918,1462 1033,1442 1044,1442 1053,1442 1150,1453 1152,1453 1313,1430 1316,1414 1309,1368 1219,1373 1217,1373 1214,1373 1214,1375 1212,1375 1203,1386 1173,1375 1159,1370 1157,1370 1155,1370 1037,1375 996,1384 975,1389 966,1386 950,1380 938,1382"/>
        <Baseline points="299,1458 676,1449 968,1423 1316,1414"/>
        <TextEquiv conf="0.9974137842655182">
          <Unicode>sy es mes peres et mes fieux</Unicode>
        </TextEquiv>
      </TextLine>

      
      
      <TextLine id="eSc_line_f5b9c752" custom="structure {type:default;}">
        <Coords points="602,1451 600,1451 598,1451 575,1455 517,1472 361,1474 340,1467 317,1460 315,1460 312,1460 246,1472 248,1513 248,1531 315,1543 317,1543 450,1529 529,1522 874,1522 876,1492 869,1442 800,1444 798,1444 796,1444 796,1446 780,1460 750,1451 747,1451 745,1451 621,1465 607,1453 605,1451 602,1451"/>
        <Baseline points="248,1513 876,1492"/>
        <TextEquiv conf="0.9688786864280701">
          <Unicode>uant cu es mon filz</Unicode>
        </TextEquiv>
      </TextLine>

      
      
      <TextLine id="eSc_line_e7adb7c1" custom="structure {type:default;}">
        <Coords points="991,1494 1143,1499 1143,1469 1136,1430 1086,1435 1074,1428 1067,1423 1065,1423 1063,1423 1060,1423 1058,1423 1042,1428 1010,1439 991,1428 991,1478 991,1494"/>
        <Baseline points="991,1478 1143,1469"/>
        <TextEquiv conf="0.9727840224901835">
          <Unicode>mon</Unicode>
        </TextEquiv>
      </TextLine>

      
      
      <TextLine id="eSc_line_21b4c626" custom="structure {type:default;}">
        <Coords points="1256,1416 1237,1416 1210,1423 1212,1462 1212,1492 1265,1488 1265,1460 1256,1416 1256,1416"/>
        <Baseline points="1212,1462 1265,1460"/>
        <TextEquiv>
          <Unicode></Unicode>
        </TextEquiv>
      </TextLine>

      
      
      <TextLine id="eSc_line_852cd637" custom="structure {type:default;}">
        <Coords points="1403,1458 1401,1455 1375,1460 1371,1458 1357,1446 1355,1446 1352,1446 1350,1446 1265,1458 1265,1460 1251,1460 1231,1465 1224,1462 1219,1462 1217,1458 1201,1453 1198,1453 1196,1453 1194,1453 1191,1453 1173,1465 1175,1511 1175,1531 1410,1540 1412,1501 1405,1469 1403,1458"/>
        <Baseline points="1175,1511 1412,1501"/>
        <TextEquiv conf="0.9975980818271637">
          <Unicode>a mere</Unicode>
        </TextEquiv>
      </TextLine>

      
      
      <TextLine id="eSc_line_c02d97e1" custom="structure {type:default;}">
        <Coords points="241,1573 241,1596 556,1570 589,1575 635,1582 637,1582 639,1582 694,1568 720,1561 729,1566 750,1575 752,1575 754,1575 913,1566 915,1566 961,1550 966,1547 968,1547 982,1559 984,1559 987,1559 989,1559 1134,1536 1134,1515 1127,1478 996,1483 973,1488 904,1506 655,1517 646,1511 644,1508 644,1506 641,1506 639,1506 637,1506 635,1506 632,1506 625,1511 616,1517 589,1513 552,1508 549,1508 547,1508 522,1517 497,1527 471,1522 444,1515 441,1515 439,1515 404,1527 386,1531 375,1527 356,1520 354,1520 352,1520 239,1536 241,1573"/>
        <Baseline points="241,1573 807,1547 1134,1515"/>
        <TextEquiv conf="0.9954652881622315">
          <Unicode>l dout doistie bien aBiee</Unicode>
        </TextEquiv>
      </TextLine>

      
      
      <TextLine id="eSc_line_5609dd87" custom="structure {type:default;}">
        <Coords points="842,1543 839,1545 805,1561 747,1552 743,1550 740,1552 717,1552 704,1552 699,1554 637,1570 586,1563 561,1559 559,1559 556,1559 526,1566 471,1580 407,1575 356,1570 354,1570 352,1570 331,1580 306,1589 234,1586 239,1628 239,1655 331,1637 388,1649 400,1649 402,1649 404,1649 407,1649 407,1646 409,1646 416,1637 524,1637 593,1637 595,1637 598,1637 618,1630 653,1619 676,1626 687,1630 690,1630 692,1630 694,1630 697,1630 706,1623 715,1619 729,1621 752,1628 754,1628 757,1628 759,1628 761,1628 775,1619 786,1612 837,1614 941,1619 943,1619 945,1619 987,1603 996,1600 1000,1603 1021,1609 1023,1609 1026,1609 1157,1589 1157,1570 1150,1527 1086,1540 1026,1534 1014,1534 1012,1534 1010,1534 1005,1536 964,1554 878,1557 858,1545 855,1543 842,1543"/>
        <Baseline points="239,1628 922,1593 1157,1570"/>
        <TextEquiv conf="0.9709542459911771">
          <Unicode>ar tu es sur toul souuerami</Unicode>
        </TextEquiv>
      </TextLine>

      
      
      <TextLine id="eSc_line_11d67460" custom="structure {type:default;}">
        <Coords points="211,1704 211,1718 476,1701 473,1676 467,1628 204,1655 211,1704"/>
        <Baseline points="211,1704 473,1676"/>
        <TextEquiv conf="0.9965536083493914">
          <Unicode>Eha que</Unicode>
        </TextEquiv>
      </TextLine>

      
      
      <TextLine id="eSc_line_659187bc" custom="structure {type:default;}">
        <Coords points="598,1665 598,1683 685,1697 687,1697 798,1688 800,1688 803,1688 832,1667 835,1665 839,1665 890,1681 892,1681 895,1681 987,1662 1033,1669 1035,1669 1037,1669 1118,1644 1132,1642 1150,1642 1214,1646 1217,1646 1297,1630 1297,1607 1290,1561 832,1612 782,1612 632,1612 630,1612 628,1612 593,1628 598,1665"/>
        <Baseline points="598,1665 975,1644 1196,1609 1297,1607"/>
        <TextEquiv conf="0.9724619903347709">
          <Unicode>la sur̃ treu haultaiõ</Unicode>
        </TextEquiv>
      </TextLine>

      
      
      <TextLine id="eSc_line_1e9be2a7" custom="structure {type:default;}">
        <Coords points="464,1731 464,1757 681,1738 694,1743 722,1754 724,1754 727,1754 885,1745 888,1745 915,1731 938,1743 941,1743 943,1743 945,1743 1005,1722 1051,1734 1053,1734 1056,1734 1058,1734 1060,1734 1060,1731 1076,1715 1076,1695 1072,1655 460,1690 464,1731"/>
        <Baseline points="464,1731 865,1715 1076,1695"/>
        <TextEquiv conf="0.9957755903402964">
          <Unicode>requier sy te prie</Unicode>
        </TextEquiv>
      </TextLine>

      
      
      <TextLine id="eSc_line_79ba7239" custom="structure {type:default;}">
        <Coords points="218,1798 218,1816 271,1830 273,1830 347,1816 400,1826 402,1826 404,1826 407,1826 427,1807 448,1821 450,1821 453,1821 455,1821 570,1800 572,1800 589,1814 591,1814 593,1814 595,1814 598,1814 600,1814 600,1812 602,1812 614,1798 614,1796 681,1796 683,1796 706,1810 708,1810 710,1810 713,1810 715,1810 775,1793 998,1798 1000,1798 1175,1770 1178,1750 1175,1722 1000,1713 998,1713 996,1713 947,1731 911,1718 908,1718 906,1718 904,1718 901,1718 878,1736 791,1738 706,1727 704,1727 701,1727 699,1727 685,1738 609,1731 607,1731 605,1731 602,1731 582,1747 510,1736 508,1736 506,1736 446,1754 411,1745 409,1745 407,1745 216,1766 218,1798"/>
        <Baseline points="218,1798 793,1777 1178,1750"/>
        <TextEquiv conf="0.9942005674044291">
          <Unicode>que drables enx ma ppaignie</Unicode>
        </TextEquiv>
      </TextLine>

      
      
      <TextLine id="eSc_line_89211603" custom="structure {type:default;}">
        <Coords points="319,1853 319,1881 418,1862 687,1865 704,1865 706,1865 708,1865 710,1865 761,1846 1097,1846 1099,1816 1092,1773 947,1789 927,1782 915,1777 913,1777 911,1777 865,1784 826,1791 800,1789 754,1784 752,1784 694,1796 653,1803 632,1798 600,1793 598,1793 595,1793 563,1803 547,1807 543,1805 529,1796 526,1796 524,1796 522,1796 520,1796 517,1796 506,1807 501,1810 492,1807 464,1798 462,1798 460,1798 457,1798 432,1810 427,1814 315,1816 319,1853"/>
        <Baseline points="319,1853 1099,1816"/>
        <TextEquiv conf="0.9907312935048883">
          <Unicode>oit amen prespassement</Unicode>
        </TextEquiv>
      </TextLine>

      
      
      <TextLine id="eSc_line_05fc52cb" custom="structure {type:default;}">
        <Coords points="1019,1821 1017,1821 994,1833 984,1835 941,1835 844,1830 842,1830 791,1839 770,1844 763,1842 750,1835 731,1835 704,1844 685,1849 655,1846 605,1839 593,1842 589,1842 582,1849 577,1853 566,1849 549,1842 549,1844 526,1844 503,1846 480,1846 457,1849 441,1849 225,1862 230,1902 230,1922 1044,1897 1046,1897 1097,1881 1102,1881 1106,1881 1136,1890 1138,1890 1141,1890 1274,1872 1274,1849 1272,1821 1210,1812 1208,1812 1129,1826 1113,1828 1097,1828 1021,1821 1019,1821"/>
        <Baseline points="230,1902 906,1879 1274,1849"/>
        <TextEquiv conf="0.9846281792436328">
          <Unicode>orrespon dy moult denchement</Unicode>
        </TextEquiv>
      </TextLine>

      
      
      <TextLine id="eSc_line_7e13a74d" custom="structure {type:default;}">
        <Coords points="487,1895 485,1895 478,1904 425,1895 418,1897 398,1897 280,1911 283,1948 283,1959 895,1952 897,1952 899,1952 899,1950 901,1950 908,1941 1028,1948 1042,1948 1044,1948 1046,1948 1049,1948 1067,1936 1111,1945 1113,1920 1109,1885 973,1876 971,1876 692,1897 506,1892 487,1895"/>
        <Baseline points="283,1948 1113,1920"/>
        <TextEquiv conf="0.9371857019987974">
          <Unicode>uoctre Eue q kreatoier</Unicode>
        </TextEquiv>
      </TextLine>

      
      
      <TextLine id="eSc_line_29825397" custom="structure {type:default;}">
        <Coords points="975,1925 844,1941 724,1934 722,1934 699,1934 676,1936 653,1936 635,1936 469,1950 471,1987 471,2007 556,2014 559,2014 630,2003 667,1998 692,2000 750,2010 752,2010 754,2010 757,2010 757,2007 766,1998 770,1996 809,1998 936,2005 938,2005 1042,1989 1042,1973 1037,1938 977,1925 975,1925"/>
        <Baseline points="471,1987 1042,1973"/>
        <TextEquiv conf="0.9967410289324247">
          <Unicode>Rome d ualour</Unicode>
        </TextEquiv>
      </TextLine>

      
      
      <TextLine id="eSc_line_6e7a980d" custom="structure {type:default;}">
        <Coords points="524,1987 462,2000 464,2037 464,2063 547,2067 549,2067 552,2067 572,2060 600,2051 623,2058 639,2065 641,2065 644,2065 878,2063 881,2063 904,2051 913,2046 920,2051 936,2058 938,2058 941,2058 943,2058 959,2049 966,2046 1000,2049 1136,2058 1138,2058 1141,2058 1143,2058 1159,2044 1159,2026 1155,1984 878,1980 876,1980 874,1980 872,1980 855,1991 853,1994 846,1991 816,1982 814,1982 812,1982 750,1994 736,1996 717,1996 632,1987 630,1987 628,1987 595,1998 593,1998 591,1998 526,1987 524,1987"/>
        <Baseline points="464,2037 1159,2026"/>
        <TextEquiv conf="0.9988101780414581">
          <Unicode>ia uo corpli esfrara</Unicode>
        </TextEquiv>
      </TextLine>

      
      
      <TextLine id="eSc_line_21d6de77" custom="structure {type:default;}">
        <Coords points="200,2088 200,2111 349,2127 352,2127 441,2109 444,2109 446,2109 497,2125 499,2125 501,2125 589,2109 653,2118 655,2118 658,2118 660,2118 660,2116 671,2106 692,2120 694,2120 697,2120 699,2122 821,2122 821,2120 934,2116 936,2116 975,2099 980,2099 989,2099 1113,2116 1115,2116 1240,2095 1242,2072 1235,2030 1129,2042 1079,2033 1074,2033 1072,2033 1069,2033 1067,2033 1033,2046 984,2035 971,2033 968,2033 931,2035 791,2053 609,2053 579,2044 566,2040 563,2040 561,2040 559,2040 540,2044 501,2056 483,2046 473,2042 471,2042 469,2042 439,2046 391,2056 197,2053 200,2088"/>
        <Baseline points="200,2088 736,2093 1242,2072"/>
        <TextEquiv conf="0.968151330947876">
          <Unicode>si uour que uous trepasseres</Unicode>
        </TextEquiv>
      </TextLine>

      
      
      <TextLine id="eSc_line_605f758e" custom="structure {type:default;}">
        <Coords points="273,2145 273,2171 637,2171 637,2168 639,2168 641,2168 644,2166 658,2155 858,2164 892,2164 895,2164 897,2164 899,2164 922,2150 998,2162 1003,2162 1005,2162 1007,2162 1053,2148 1143,2159 1148,2129 1143,2102 1067,2102 1053,2088 1053,2086 1051,2086 1049,2086 1046,2086 901,2093 899,2093 897,2093 897,2095 895,2095 888,2104 651,2097 648,2097 646,2097 614,2109 579,2095 577,2095 575,2095 572,2095 570,2095 547,2109 480,2097 478,2097 476,2097 473,2097 460,2109 446,2097 444,2097 441,2097 439,2097 271,2116 273,2145"/>
        <Baseline points="273,2145 1148,2129"/>
        <TextEquiv conf="0.9804349704222246">
          <Unicode>ne nous teurout ꝯpaisu</Unicode>
        </TextEquiv>
      </TextLine>

      
      
      <TextLine id="eSc_line_1041fb57" custom="structure {type:default;}">
        <Coords points="347,2191 349,2221 384,2210 457,2219 483,2221 485,2221 487,2221 490,2221 494,2217 510,2208 602,2214 667,2219 669,2219 671,2219 690,2212 708,2205 816,2208 989,2214 991,2214 1086,2201 1092,2201 1118,2212 1120,2212 1122,2212 1125,2212 1157,2198 1157,2180 1150,2148 345,2157 347,2191"/>
        <Baseline points="347,2191 1157,2180"/>
        <TextEquiv conf="0.963212945244529">
          <Unicode>aussy ne le uersil mie</Unicode>
        </TextEquiv>
      </TextLine>

      
      
      <TextLine id="eSc_line_c924337a" custom="structure {type:default;}">
        <Coords points="1304,2194 1297,2187 1249,2180 1247,2180 1099,2194 1063,2196 1056,2194 1033,2185 1030,2185 1028,2185 1026,2185 1023,2185 1010,2194 1003,2198 934,2196 800,2189 798,2189 759,2198 734,2205 292,2205 294,2242 294,2260 331,2277 333,2277 335,2277 411,2260 455,2274 457,2274 460,2274 462,2274 464,2274 478,2260 595,2258 646,2274 648,2274 651,2274 706,2263 1007,2267 1010,2267 1012,2267 1049,2256 1125,2265 1127,2265 1129,2265 1132,2265 1132,2263 1145,2249 1148,2247 1152,2249 1194,2258 1196,2258 1198,2258 1201,2258 1203,2258 1217,2247 1219,2247 1320,2247 1320,2224 1318,2208 1304,2194"/>
        <Baseline points="294,2242 766,2242 1320,2224"/>
        <TextEquiv conf="0.9700450386319842">
          <Unicode>al bien noue̾ deuous esmaier</Unicode>
        </TextEquiv>
      </TextLine>

      
      
      <TextLine id="eSc_line_ee8a6d06" custom="structure {type:default;}">
        <Coords points="227,2309 227,2320 312,2339 315,2339 404,2320 425,2329 427,2329 430,2329 660,2316 681,2316 710,2334 713,2334 715,2334 784,2336 786,2336 789,2336 791,2336 819,2318 885,2318 920,2334 922,2334 924,2334 991,2320 1046,2332 1049,2332 1201,2329 1203,2329 1205,2329 1205,2327 1217,2318 1327,2327 1329,2327 1332,2327 1334,2327 1334,2325 1350,2309 1350,2290 1346,2256 1219,2242 1217,2242 1214,2242 1173,2256 1166,2260 920,2263 908,2260 869,2249 867,2249 865,2249 862,2249 819,2260 814,2263 812,2260 786,2249 784,2249 782,2249 780,2249 754,2263 750,2265 736,2263 683,2251 681,2251 678,2251 648,2263 639,2267 568,2265 379,2256 377,2256 375,2256 372,2256 372,2258 361,2267 356,2274 273,2274 269,2267 260,2260 260,2258 257,2258 255,2258 253,2258 250,2258 225,2265 227,2309"/>
        <Baseline points="227,2309 1350,2290"/>
        <TextEquiv conf="0.952639864757657">
          <Unicode>cious qui ne faisona que pequiir</Unicode>
        </TextEquiv>
      </TextLine>

      
      
      <TextLine id="eSc_line_6bbdc600" custom="structure {type:default;}">
        <Coords points="416,2306 414,2306 409,2306 402,2306 269,2318 241,2309 225,2309 225,2352 223,2371 234,2380 236,2380 239,2380 241,2380 381,2371 1196,2385 1201,2362 1196,2320 959,2325 924,2316 913,2311 911,2311 908,2311 885,2313 830,2323 803,2313 798,2311 796,2311 793,2311 791,2311 786,2313 759,2323 628,2311 605,2309 602,2309 600,2309 598,2309 582,2320 563,2309 561,2309 559,2309 556,2309 552,2309 501,2320 423,2306 416,2306"/>
        <Baseline points="225,2352 1201,2362"/>
        <TextEquiv conf="0.9828686570299083">
          <Unicode>Et nunit et iour sans areste⁊</Unicode>
        </TextEquiv>
      </TextLine>

      
      
      <TextLine id="eSc_line_bc1911dc" custom="structure {type:default;}">
        <Coords points="269,2403 266,2428 345,2426 354,2431 368,2442 370,2442 372,2442 375,2442 377,2442 379,2442 395,2431 404,2426 425,2431 478,2442 480,2442 579,2428 607,2426 612,2428 625,2440 628,2440 630,2440 701,2442 704,2442 786,2428 800,2426 809,2428 860,2442 862,2442 865,2444 1076,2444 1076,2442 1079,2442 1081,2442 1104,2426 1106,2426 1159,2426 1161,2405 1157,2369 269,2369 269,2403"/>
        <Baseline points="269,2403 1161,2405"/>
        <TextEquiv conf="0.9705982451085691">
          <Unicode>t ne nous uolous canfesse ⁊</Unicode>
        </TextEquiv>
      </TextLine>

      
      
      <TextLine id="eSc_line_35afae65" custom="structure {type:default;}">
        <Coords points="317,2458 317,2477 890,2495 892,2495 1069,2493 1072,2493 1111,2477 1309,2490 1311,2490 1313,2490 1341,2474 1341,2454 1334,2410 908,2431 651,2431 543,2415 522,2412 520,2412 517,2412 515,2412 513,2415 490,2431 407,2431 315,2417 317,2458"/>
        <Baseline points="317,2458 844,2467 1341,2454"/>
        <TextEquiv conf="0.9480292869025263">
          <Unicode>s mans que nous auons uastir̃</Unicode>
        </TextEquiv>
      </TextLine>

      
      
      <TextLine id="eSc_line_89cfea79" custom="structure {type:default;}">
        <Coords points="713,2465 671,2477 554,2463 552,2463 549,2463 545,2463 540,2463 250,2474 227,2461 223,2507 220,2520 276,2536 278,2536 280,2536 381,2525 683,2539 685,2539 687,2539 724,2527 738,2539 740,2539 743,2539 745,2539 1118,2527 1120,2511 1113,2465 1072,2479 750,2479 727,2465 713,2465"/>
        <Baseline points="223,2507 1120,2511"/>
        <TextEquiv conf="0.9545701444149017">
          <Unicode>Douu̾ror deubur̾ les anemu</Unicode>
        </TextEquiv>
      </TextLine>

      
      
      <TextLine id="eSc_line_6852309e" custom="structure {type:default;}">
        <Coords points="299,2555 296,2580 1010,2596 1012,2599 1145,2599 1145,2596 1148,2596 1150,2596 1166,2585 1295,2596 1297,2596 1300,2596 1334,2582 1336,2562 1334,2530 299,2516 299,2555"/>
        <Baseline points="299,2555 1336,2562"/>
        <TextEquiv conf="0.9672817761699358">
          <Unicode>⁊ auoir diaus gran paour</Unicode>
        </TextEquiv>
      </TextLine>

      
      
      <TextLine id="eSc_line_38baf1b1" custom="structure {type:default;}">
        <Coords points="296,2635 1277,2645 1281,2617 1277,2582 1187,2569 1184,2569 1182,2569 1145,2580 1141,2580 1099,2578 895,2569 892,2569 823,2576 770,2580 761,2573 754,2569 752,2569 750,2569 747,2569 676,2573 575,2580 545,2571 536,2569 533,2569 531,2569 529,2569 526,2569 524,2571 508,2580 386,2569 370,2569 368,2569 365,2569 363,2569 340,2580 301,2569 299,2610 296,2635"/>
        <Baseline points="299,2610 653,2622 1281,2617"/>
        <TextEquiv conf="0.9717428435881933">
          <Unicode>uoat le min au irea cour</Unicode>
        </TextEquiv>
      </TextLine>

      
      
      <TextLine id="eSc_line_1b796efa" custom="structure {type:default;}">
        <Coords points="520,2619 485,2619 338,2628 220,2617 220,2663 218,2679 266,2695 269,2695 271,2697 381,2697 381,2695 384,2695 386,2695 407,2681 439,2695 441,2695 444,2695 446,2695 492,2681 497,2681 577,2681 582,2684 598,2697 600,2697 602,2697 605,2700 812,2700 812,2697 814,2697 816,2697 816,2695 826,2686 846,2697 849,2697 851,2697 853,2697 855,2697 867,2688 872,2686 1302,2693 1306,2670 1304,2635 605,2633 540,2622 522,2619 520,2619"/>
        <Baseline points="220,2663 1306,2670"/>
        <TextEquiv conf="0.9803254912639486">
          <Unicode>Eui onques mil iour ne prequa</Unicode>
        </TextEquiv>
      </TextLine>

      
      
      <TextLine id="eSc_line_add86182" custom="structure {type:default;}">
        <Coords points="1035,2670 1021,2670 987,2681 982,2681 973,2681 869,2670 867,2670 865,2670 844,2679 835,2686 720,2686 653,2679 598,2672 595,2672 478,2674 476,2674 473,2674 473,2677 471,2677 460,2688 345,2677 347,2725 347,2741 375,2755 377,2755 379,2755 381,2755 384,2755 384,2753 398,2739 543,2739 717,2753 720,2753 809,2737 867,2750 869,2750 872,2750 1010,2739 1056,2748 1058,2748 1132,2730 1132,2716 1127,2684 1056,2684 1056,2681 1042,2670 1035,2670"/>
        <Baseline points="347,2725 1132,2716"/>
        <TextEquiv conf="0.9562926235653105">
          <Unicode>auenns tant Re doubta</Unicode>
        </TextEquiv>
      </TextLine>

      
      
      <TextLine id="eSc_line_9219535f" custom="structure {type:default;}">
        <Coords points="257,2778 257,2808 1097,2808 1097,2778 1097,2741 257,2732 257,2778"/>
        <Baseline points="257,2778 1097,2778"/>
        <TextEquiv conf="0.9868221516194551">
          <Unicode>due Pour auoit de ueoir</Unicode>
        </TextEquiv>
      </TextLine>

      
      
      <TextLine id="eSc_line_a7e1dbd9" custom="structure {type:default;}">
        <Coords points="901,2780 899,2780 890,2785 874,2792 816,2785 780,2780 777,2780 752,2785 704,2794 644,2785 607,2780 605,2780 561,2785 476,2796 448,2785 441,2783 439,2783 437,2783 434,2783 432,2783 432,2785 430,2785 421,2796 407,2785 404,2785 402,2785 400,2785 398,2785 395,2785 368,2799 269,2787 271,2840 271,2856 354,2870 356,2870 358,2870 400,2856 416,2870 418,2870 421,2870 423,2870 538,2854 540,2854 554,2865 554,2868 556,2868 559,2868 561,2870 607,2870 607,2868 773,2849 791,2849 800,2849 874,2863 876,2863 1113,2845 1115,2829 1111,2785 904,2780 901,2780"/>
        <Baseline points="271,2840 1115,2829"/>
        <TextEquiv conf="0.9688915455782855">
          <Unicode>son fiez dist saur̃Remanoir</Unicode>
        </TextEquiv>
      </TextLine>

      
      
      <TextLine id="eSc_line_5615d4b3" custom="structure {type:default;}">
        <Coords points="207,2907 207,2930 365,2930 365,2927 368,2927 370,2927 370,2925 375,2923 381,2916 471,2918 566,2923 568,2923 651,2914 704,2907 722,2911 759,2918 761,2918 763,2918 803,2907 816,2904 821,2907 835,2916 837,2916 839,2916 842,2916 931,2904 991,2914 994,2914 1148,2898 1196,2909 1198,2909 1201,2909 1203,2909 1205,2909 1205,2907 1208,2907 1212,2900 1212,2884 1210,2842 1159,2829 1157,2829 1155,2829 1083,2845 1012,2835 1010,2835 1007,2835 977,2849 975,2849 971,2849 890,2835 888,2835 885,2835 832,2849 814,2835 812,2835 809,2835 807,2835 720,2849 681,2840 678,2840 676,2840 674,2840 671,2840 653,2852 644,2845 644,2842 641,2842 639,2842 637,2842 635,2842 607,2856 480,2842 478,2842 476,2842 404,2863 204,2865 207,2907"/>
        <Baseline points="207,2907 713,2884 1212,2884"/>
        <TextEquiv conf="0.9733617651847101">
          <Unicode>Piaux filz le uostre grant mere</Unicode>
        </TextEquiv>
      </TextLine>

      
      
      <TextLine id="eSc_line_5a1f20d4" custom="structure {type:default;}">
        <Coords points="876,2886 874,2886 872,2886 869,2886 867,2886 846,2898 844,2900 835,2900 773,2888 770,2888 768,2888 766,2888 766,2891 752,2902 694,2891 692,2891 575,2909 559,2911 547,2911 453,2902 450,2902 448,2902 404,2916 400,2918 398,2918 377,2904 375,2904 372,2904 370,2904 368,2904 365,2904 365,2907 363,2907 354,2918 352,2921 342,2921 264,2909 262,2909 260,2909 257,2909 248,2916 250,2962 250,2978 414,2985 416,2985 508,2980 510,2980 513,2980 526,2971 531,2966 545,2969 579,2978 582,2978 584,2978 690,2964 754,2957 828,2960 915,2964 918,2964 952,2957 989,2948 1166,2948 1168,2927 1161,2886 895,2898 890,2895 878,2886 876,2886"/>
        <Baseline points="250,2962 796,2932 1168,2927"/>
        <TextEquiv conf="0.9561835483268455">
          <Unicode>diui que che don me sõure.</Unicode>
        </TextEquiv>
      </TextLine>

      
      
      <TextLine id="eSc_line_73190cdf" custom="structure {type:default;}">
        <Coords points="299,3015 299,3047 444,3047 444,3045 446,3045 462,3038 480,3029 543,3033 612,3038 614,3038 616,3038 635,3029 646,3022 694,3024 768,3031 770,3031 773,3031 805,3019 826,3012 842,3017 869,3026 872,3026 874,3026 950,3012 982,3006 991,3010 1014,3019 1017,3019 1019,3019 1134,3001 1145,3001 1150,3001 1184,3012 1187,3012 1189,3012 1191,3012 1242,2996 1249,2994 1249,2996 1263,3008 1265,3008 1267,3008 1270,3008 1348,3006 1350,3006 1401,2987 1401,2966 1396,2930 830,2944 761,2960 754,2960 750,2960 704,2950 701,2950 699,2950 669,2964 664,2964 641,2964 478,2962 476,2962 294,2980 299,3015"/>
        <Baseline points="299,3015 1401,2966"/>
        <TextEquiv conf="0.9404207272455096">
          <Unicode>ucoire uous prie Nres humblgment</Unicode>
        </TextEquiv>
      </TextLine>

      
      
      <TextLine id="eSc_line_b5ed9374" custom="structure {type:default;}">
        <Coords points="211,3068 211,3091 977,3065 977,3038 971,3003 209,3031 211,3068"/>
        <Baseline points="211,3068 701,3058 977,3038"/>
        <TextEquiv conf="0.9751432310967219">
          <Unicode>O tries moy wone nent</Unicode>
        </TextEquiv>
      </TextLine>

      
      
      <TextLine id="eSc_line_b8910691" custom="structure {type:default;}">
        <Coords points="211,3164 322,3144 453,3144 513,3155 538,3160 540,3160 543,3160 563,3153 586,3148 653,3150 750,3155 752,3155 754,3155 757,3155 768,3148 777,3141 805,3146 844,3153 846,3153 849,3153 876,3144 906,3134 973,3141 1056,3148 1058,3148 1106,3146 1109,3146 1111,3146 1111,3144 1120,3137 1125,3132 1132,3134 1145,3144 1148,3144 1150,3144 1152,3144 1198,3132 1201,3107 1196,3072 980,3054 977,3054 975,3054 973,3054 952,3072 947,3075 945,3072 924,3056 922,3056 920,3056 918,3056 793,3058 791,3058 789,3058 768,3072 766,3072 759,3072 713,3061 710,3061 708,3061 676,3072 644,3084 467,3084 441,3072 437,3070 434,3070 432,3070 430,3070 427,3070 427,3072 411,3086 322,3072 319,3072 317,3072 315,3072 312,3072 301,3084 285,3072 285,3070 283,3070 280,3070 278,3070 276,3070 269,3072 239,3081 211,3072 211,3127 211,3164"/>
        <Baseline points="211,3127 1201,3107"/>
        <TextEquiv conf="0.9782629179954528">
          <Unicode>Eue uos apostle de ualour</Unicode>
        </TextEquiv>
      </TextLine>

      
      
      <TextLine id="eSc_line_0b25a9e4" custom="structure {type:default;}">
        <Coords points="202,3187 202,3229 317,3208 400,3217 402,3217 490,3206 554,3217 600,3224 602,3224 605,3224 646,3213 662,3208 669,3210 690,3222 692,3222 694,3222 697,3222 699,3222 720,3210 734,3201 773,3206 858,3219 860,3219 1191,3187 1191,3167 1184,3130 200,3137 202,3187"/>
        <Baseline points="202,3187 1191,3167"/>
        <TextEquiv conf="0.9945985625187556">
          <Unicode>Soient auent moy le iour</Unicode>
        </TextEquiv>
      </TextLine>

      
    </TextRegion>
    
    <TextRegion id="eSc_textblock_d2c83d5e"  custom="structure {type:text;}">
      <Coords points="1546,791 1596,791 1633,871 1470,890 1461,809 1546,791"/>
      
    </TextRegion>
    

    
  </Page>
</PcGts>
