3104 4140
262 669 1693 793 Dame che dist li Rois Ia uoꝰ estoit baillie
278 752 1654 853 Clame qui tant est courtoise et a ieusie
276 816 1587 906 Ee uoꝰꝰ auoie dit ersoir apres complie
278 864 1762 975 Qeue laussies de pres et gardee et gaitie
280 926 1849 1023 Or me uient en ams que laueis conseillie
285 991 1748 1083 Ere que ꝑ uo couseil sen est elle fie
283 1041 1965 1145 Mes ꝑ cheluy seiggneur qui tout a en baillie
352 1110 1939 1202 ne le me Rendes ams qui soit le nuaie
287 1168 1693 1269 Uo q en seres en fu ⁊ arse et balanchie
278 1230 1732 1327 sie uoꝰ garandiroit toꝰ li ors de pamne
292 1278 1824 1384 ũt le dame lentent se fu toute esbahie
287 1350 1730 1451 ors a dit coiement Ie me suis cunquie
271 1403 1640 1508 Uour bien frure seray du siecle dextre
278 1462 1723 1577 Iles puis quil est ensy que Ihũs sy otrie
283 1534 1638 1632 Maine ꝯmans a lui et a se compaignie
370 1568 1815 1688 aut ly maistresse elame oy le Roy ꝑler
365 1626 1801 1752 i li iuge se mort poͬ lue a embraser
301 1688 1909 1826 Dieu et se donche mere en prent a Reclamer
296 1757 1728 1879 O Roy authome prent haultemẽt a crier
294 1807 1642 1938 Sire bien me pooes a martire liurer
296 1844 1854 1994 Mes elamne uo fille ne de scaroie die trouuer
306 1911 1948 2035 ducques a moy ne uault le cõget demãder
312 1977 1700 2102 Le ie ne le fcaroie en terre ne en mer
312 2021 2068 2157 Euerre ne pourcachier se dieu tue puist samier
301 2088 1994 2219 Ales puis quil est ensy que mort doye enducrer
331 2157 1642 2281 e prie a Ihũ crist qui se laissa peuer
299 2217 1714 2334 En le saintesme croi poͬ noꝰ a Racater
301 2283 1663 2394 Rui laist en tel pais ur̃e fille ariuer
326 2329 1838 2449 Si elle puist a ioies le sien corpe dispenser
308 2394 1831 2507 Al dont le fist auchomues droit au fu amener
306 2449 1884 2564 Oucques le floy auchomez ue se uault deyorrr
308 2504 1684 2612 Ne fesist ueritrus droit aie fei embraser
312 2564 1721 2686 apres ceste choze dont uoꝰ moes parler
303 2626 1640 2748 ⁊fait unt sment si hault con lon cler
310 2672 1895 2808 Qnẽchois touce se uie uorroit ãthome aler
312 2748 1854 2863 Que il ne poist le corps de se fille trouuer
310 2808 1866 2930 Il a fait sen harnas et querquir ⁊ toueser
315 2875 1670 2983 Nigũt cheualerie se uault acheuuner
434 2925 1879 3035 iiii aus ala che peult on bien prouuer
306 2983 1863 3130 qluis qui deuist se fille q̃ le uiaia ot cler
