3104 4140
1392 942 2583 1064 Demaħꝰ seray arse ens un seu loidement
1410 1028 2606 1115 Nie ne me gara diroit ly ora du frmaonẽt
1403 1076 2602 1170 feue ne fuisse essillies adll et atourmẽt
1396 1133 2666 1214 Conte nuit pleure et cae et grant mareunt
1401 1177 2671 1276 Olle sen fust huie mes celle garde yprent
1389 1239 2554 1322 E lame ꝑleme et erie ne cesse nulemmient
1461 1294 2694 1384 onte uint ouuntie ua plourant tellement
1463 1407 2482 1490 ue le ꝯfortoit er plores belement
1603 1354 2586 1435 uoisin y our fact lour assamblemĩt
1387 1520 2459 1600 Eupy trestonte nuit Ie listoere ne mẽt
1458 1467 2669 1547 aultre le Rapaise ꝯfortant donchement
1369 1568 2623 1658 fa le rome elame qr lourant sy faitemeit
1398 1619 2839 1722 ront chil qui e luy furent plouroieut tereuuẽt
1371 1724 2669 1837 Dechin grande pite et grande encõbremẽt
1520 1681 2841 1773 dist lyodis ly uus alauire pat dien õipotet
1375 1780 2646 1881 qut ceste rouie est estraite de tel geur
1380 1846 2784 1941 It faixe a un ter roy qui tant a holdement
1380 1913 2630 2000 fus le fera aroi iy tres aueusement
1378 2003 2643 2106 uous me ueres domans arsoir uilamemes
1477 1954 2797 2058 gneur dist le arme sachies certainemet̾
1378 2099 2968 2249 uichois que uous Rend̾ona au coy qui tant despent
1530 2063 2646 2171 pl ont Respondu ia aura ensement
1362 2155 2485 2279 ꝓrous a luy perler ⁊ sara en couuẽt
1323 2212 2786 2336 Our sa digne courõne que et dor et dargent
1355 2272 2710 2373 uil ne uous fera aual ausy ne aultrement
1350 2327 2606 2435 Eet silue creult purer par uon loial serment
1352 2375 2765 2490 qlus yriesmee trestoils comimaliuent. po uo
1343 2433 2570 2541 Ou palais bien arme par ytrl queuent
1343 2488 2761 2603 Rui se ly roy uous ueult faureoieson tourmẽt
1346 2543 2485 2647 noꝰ ꝯaudturont no corps et no iounẽs
1373 2599 2593 2709 Et y morous auchois que naies sauuemẽt
1357 2654 2758 2757 Ruint elame les ot parler si faitement
1334 2709 2563 2833 dont le merchia de fiea pluade cent
1396 2835 2807 2944 ar se au Roy dengletre ay a sseurement
1677 2789 2671 2893 ⁊ guent pout dieifanesseuremẽt
1350 2877 2945 3024 sui Roy q̃ est mes peres ãghome au corpe gep
1362 2944 2751 3088 po cõuẽra pler ae oussy courtoisement
1362 3019 2846 3144 Rer cil ly ont dix dauie noꝰ seros̃ uo talet
1325 3079 2887 3210 Aiissi lont Rapaisie Iusq̃s laiouruement
1346 3150 2807 3295 sues ades le Ron se doubte mallement
