3104 4140
1373 747 2563 855 sya psine forche de lachier entaine
1389 825 2666 926 Et de la char ly aun grant uachon este
1346 894 2807 977 Pau senfant que le brac nely rua aupre
1343 961 2906 1060 ne pour quant le paien seruy telle griente
1359 1039 2917 1150 Ie ulason lait cheoir tant ot le urac naine
1447 1106 2758 1207 t heury saut auant sa le blason leur
1350 1182 2544 1308 Men de ses barons a le sien deliure
1327 1253 2797 1380 De mist lesai uutor que bien ly uint agre
1318 1331 2906 1455 Pour les lu pars que sont fier et desmesare
1329 1421 2636 1524 Il iura dame dieu le Roy de maieste
1339 1499 2867 1605 Que se mais reuenoit de deus se Roaante
1348 1566 2625 1672 Que lescu alupars aroit a dies porte
1343 1632 2804 1741 pe iamaais naroit autre en iour de son au
1327 1695 2804 1821 ꝑ dour che les prist ly Rroisaucoraige seue
1346 1775 2867 1902 Quil auoit un uataille le blason cousquete
1350 1862 2726 1996 Et que ly fier lu part hy uinrent agre
1346 1968 3028 2079 Dont uyor denglitel dengleterre qui depuis cot este
1514 2046 2952 2159 nenent le coustieme du lupart sont par
1378 2122 2554 2228 seurn lescouquesta a rõme le chite
1375 2205 2853 2309 pres le mort Ihũs le roy de maieste
1083 2251 1270 2323 doilt et
1079 2309 1272 2394 ouibi
1555 2283 1658 2352 auo
1714 2290 2814 2396 seulement plus ny ot en coute
1369 2341 2738 2458 dol incarnasion au roy de tremte
1346 2405 2995 2536 Qu d̃s cempore segzneur dont Ie uoihay conte
1352 2481 2867 2594 Fu esperes deuant rõme telle mortalite
1332 2569 2823 2674 Iour auant ne ariere ny auoit on coute
1341 2635 2588 2737 Car aulont ueuredy seque on a aore
1357 2723 2843 2817 De le mort no sauuour que nous aracate
1346 2792 2722 2895 Adont fu le bataille scachies en uerite
1320 2872 2975 2980 Nouir grande et moilt orible plaie de cuante
1458 2950 2772 3045 ou maint sarasin furent a mort luire
1302 3052 1449 3160 Q
1504 3019 2804 3137 rande fu le bataille ⁊ fiere leubaye
