3104 4140
112 908 1196 1021 l gord et benaie et se ueulle gorder
121 968 1355 1074 es n rois de uõuaire que Ie uoy chy ester
124 1032 1175 1127 eigneur ly apostoles qui mous a ago
117 1062 1463 1182 ons en uoyre che urietque chy uoꝰ uoulemgust
110 1129 1226 1225 dont dun carguon la la cantost Eoter
110 1177 1415 1276 ais n Rois le ua tantost le brif moustrer
135 1223 1442 1329 rois seuril le prent sans point de larester
230 1278 1346 1382 capelain ly uaille tantost la la proer
232 1336 1359 1435 et lapostole pour le teuert monstrer
174 1396 1295 1488 pan le pourlist et puis a dit aueler
115 1430 1576 1547 oignent che dist ly prestres uoeullirs moy estouter
110 1494 1254 1591 y papes uous a fou douchemẽt saluer
140 1543 1309 1653 a besonn de uous penses de uoy haster
124 1586 1573 1699 ar Roi hurcaux de casse de luy a lait mander
149 1658 1468 1754 uil a fait cous ses hõmes qar dechaamener
140 1727 1350 1798 dour rõme mestreafin ar uir et enbrasir
126 1773 1375 1853 a nral de palerue leur doit ueuir pmer
128 1823 1277 1904 ehest frereĩ a hurtant sara acgonureder
213 1872 1286 1945 mille paurne pour lepeuple grem⁊
126 1927 1396 2010 etquant heuris lentent dn pis prent aieter
165 1984 1415 2060 eSienx che bist heuris qui mecrosie form
147 2035 1184 2104 edoy bien le nien non gracieret loi
144 2081 1277 2166 ne py fout lamral d che sieclesmez
161 2129 1316 2217 he fist uere amouris que fait tanta loer
147 2173 1394 2265 moite soit ly eure que no loy doault amer
144 2212 1553 2316 a ains splus hardis cuers ne qotarmes porter
188 2270 1663 2382 iaux sires drois auchomes che dist lycois heuris
156 2341 1537 2428 oensonẽ de cheuanchier dessois yos anemũ
112 2394 1454 2497 adous climet le papequi tant est signouris
115 2451 1398 2543 car chist nos dieuxͫ.Rest nos bous anne
126 2500 1557 2601 nien dites dist authomes ly fors cois signouris
126 2564 1387 2651 le priminere bataille demanda amouris
181 2615 1566 2711 st au roy dengleterre quaql pot a hans cris
163 2679 1320 2766 primuer e uat aille contre les arabist
188 2709 1543 2831 re Ie uoua demande en lonneur qhũcris
138 2773 1543 2886 Aiouris dist iy ceois uoul estes moult gentis
135 2858 177 2950 e
186 2838 1624 2948 t uyplus hardis hons qui soit en fe cheppaie
878 2900 1035 2971 areudo
1099 2911 1514 2978 et amanems
128 2918 936 3006 pui qlui a fait biaix fduis
138 2962 1504 3072 de le noble pesse que dieux a en uoꝰ mis
167 3019 1638 3130 doroit on eiffait darmes de chenaber bien x
138 3098 1663 3183 Car onques ne uy hõme par sieu de parales
108 3144 1695 3298 Iieux porter en hatdalle sana estre destoufit
