3104 4140
296 772 1698 915 uethy les deux rois tout parmuy ue ꝑlanre
253 855 1638 963 ei gurur dist ly aruans alons la hors a camps
250 910 1682 1030 Raer uecliy le s deux rois hõnestez et uaillans
131 977 1318 1097 Et uien . ho. mille des barons souffissans
151 1046 1435 1156 noult es amenderout truandes ettruans
156 1097 1511 1216 dont uensies koquuys a uengles non ueans
165 1159 1576 1276 rt le poure mamie que moult estoit courant
158 1225 1405 1340 En contre le uenue des ii rois cõbatans̃
142 1285 1339 1405 et quant elaine lot se ly mua ly ssans
156 1324 1553 1474 Elas dist le Roine que mes corpe est mescans
144 1377 1599 1534 dai me luert pour ardoir et my et mes enfans
172 1449 1530 1577 resdouche mere dieu ne soiẽs consentans
181 1557 563 1639 ue Ie soye
607 1501 1663 1621 perchute se chest uostre commaris
179 1568 1440 1713 ensy disoit elame deureurent soupirant
197 1619 1684 1777 ⁊ dist s̃ grray la hors ueoir les grans brubans
170 1706 1405 1846 droit a le quenuee fu clame apoiant
184 1768 1474 1911 de sirme que la fu ua le sien uir terquant
209 1814 1470 1984 in pau se maseura con nel fust cõnssant
246 1890 1477 2042 esse y adit uous estes mau saichant
170 1957 1780 2097 uensoment est par uous maseures uos samblans
154 2014 1548 2159 qu dõne uolentiers coudis petis et grans
147 2076 1488 2224 qaucune persõne du biantis est manant
186 2127 1652 2297 rep pls cos qua uon let Iauonsoies doubtrins
144 2189 1700 2346 Dame che dist elame forment me sais doubtans
165 2265 1520 2412 le fuisse douuoitit de garchons eu se r gans
140 2309 1714 2463 Lar ieue uoeul meffaire tant que soie uiuans
128 2373 1532 2548 Sil plaist aihũs ist quiest au caul inlinans
246 2442 1589 2599 me che dist elameie me suy mascuree
243 2497 1815 2638 dour che que ne uoeul pas donchidameloee
202 2566 1721 2714 estre de ches figans ne ⟦pegt priie ne auede
158 2695 184 2771 3
220 2624 1914 2766 pour dieuche dist ly dame que mal fuengoullre
216 2743 280 2835 .si
319 2700 1539 2824 nest mi pour che par le uertu lon
158 2755 1589 2891 achois aues aues paoilr ne soies ceainsee
179 2817 1592 2955 ar uous estes uamne q̃ors daueune contree
158 2872 1780 3012 oi ment ne uous fu pas ainsy le main copur
177 2987 354 3075 L.eii
361 2939 1601 3063 scay quaues este de uilains fuit Rettir
207 3058 358 3125 Aou
598 3003 1709 3100 ous estes uous enseauent atourr
195 3056 1709 3196 das ne sceres cõignnte se uous neste lauie
