3104 4140
1553 618 1672 749 49
158 724 1382 834 Mes au .iiiiͤ pour bien le puisafier
138 795 2008 922 Sen aloit ly grende prendons que deux uaulttãt ame
158 871 1723 977 Poutre ł ual le forest qui tant fist a doubter
158 919 1725 1053 eue rue se pourranche dont Il deuoit user
158 993 1341 1099 Et Iihũcrist le fist tellement acuer
149 1069 1737 1175 Pue trouna le duxere ens prent auegarder
154 1136 1803 1255 Et a uout le chieure qui loufant uault garder
158 1221 1465 1327 De sen let la lactoit lenfant a ueu cler
163 1297 1495 1400 Pe ihũs se saign qui tout a a sauuer
172 1361 200 1442 s
218 1370 1601 1469 ⁊ dist sance marie qui uausistes porter
165 1439 1592 1547 le uray corps iqũtist qui se laissa peuer
179 1522 1688 1619 En le sanctime Nois pour le peuple sauuer
147 1591 1757 1688 Dont uint chil enfes chy deut le uault aporter
163 1672 1576 1764 Ouquelz mais de tel cese ie nois aparler
354 1745 1732 1835 .x ly bous prrendons Tot le cuer effrar
246 1803 1785 1908 Donc clies enfans uenorent en qalle cõtree
135 1881 1511 1975 Iun ce en auoit rescous de le beste fare
135 1954 1619 2037 Et lautre auoit trouue en le dumierelee
133 2033 1675 2118 Pou be chieure la laite par meracle ordeare
140 2097 1806 2198 Sy bous proudons Reclaime ly uierge hõneree
144 2180 1493 2281 Il a saisy benfant puis a fait retournee
144 2260 1967 2382 Enuers sen hermiaige tout q coutre ual leꝙͣree
149 2343 1723 2454 et loe chieure le sient par le forest Ramnee
142 2417 1728 2534 Onquel ne le laissa pour nesune Riens nee
142 2488 1670 2605 fant eylauoit en ame chest uerite prouuer
158 2569 1629 2677 le epetit enfanchon que taut ot rrenẽmee
144 2633 1833 2776 auenques de prendõme sen est loclieure aleu
149 2711 1583 2838 A se maison sen uint ensyqua le uespree
172 2799 1585 2907 er dist doux Ihũ cist q̃ te charot penre
172 2870 1751 2969 En le saitisme crois et parchie et elaure
163 2930 1677 3024 oelle mon cõseilier sy teplaist et agrer
121 2996 1624 3111 cõmont mrii maintericas ⁊ soir et matrure
