3104 4140
1231 662 2781 791 llirgement de ua biens hun ⟦rescocfortee en ceste iouauee
1286 715 2323 816 t martiis Respondoit a bõne destinee
1228 765 2298 871 priss se depary ny a fait cnester
1226 821 2581 922 Uers le moustier sen ua auesse nost pas cantee
1233 878 2512 956 Et martiis de mora pour faire let le dõure
1375 942 2756 1021 artins que taut fu larges ne se uult arester
1313 1044 2521 1113 est uenui as quens lors beur prist acrier
1375 984 2466 1064 Les Ior fait empliz et amont aporter
1267 1039 1279 1124 e
1208 1087 2687 1175 eigneir est le char cuite Poent ou aler disuer
1228 1145 2501 1239 Plartin che dist lyquens Il mya quaprester
1247 1200 2583 1288 e sause est toute faite ne tient pors a lauer
1254 1248 2526 1334 dont lusqua marti que le uialre at cler
1212 1299 2360 1396 Uox sergans garchons ou il se pot fier
1208 1350 2586 1451 fist hors des hatiers chrs tas capons oster
1256 1409 2572 1506 hes hastes ches paons conauoit fait larder
1277 1469 2289 1547 t celle ueisson et celle char cõbrer
1295 1531 2482 1609 i corbeilles le fait tantos mettreet poser
1325 1584 2485 1669 ue pain daultre part uail uien ordener
1256 1642 2537 1722 t puis dist aries que ne se uault cesser
1221 1697 2593 1770 lportes tout la hars quanquelz poes ⁊ tourser
1228 1734 2632 1828 Et quant ly queult loirent sy faitement parler
1221 1793 2390 1874 dont ly cõmencha cous ly scans a muer
1208 1842 2521 1927 Dout dist ly unt alautre ou porons nous aler
1224 1890 2521 1984 a nous fera marsuns de malie mort p̾mer
1196 1941 2487 2028 Iirt onques cheeus tant de gens audestier
1364 2019 2496 2083 e ne len sarons noue Reus que doner
1203 2063 2501 2125 out che quauous huy fait et cuire et atourner
1226 2111 2443 2187 fera martinas poures partiret deseuerer
1221 2150 2376 2244 et i aultre Respout or ly iaiss ies dõner
1191 2203 2455 2297 ql pora birdi tant faire quil se se feratuer
1205 2256 2462 2357 ly diables lont bienfait en tel estanmouter
1187 2311 2436 2415 Ou poent tr estout pir forque lasse endurer
1187 2369 2273 2470 aisy dient ly queu or ie uout quairer
1180 2415 2434 2520 Due grande corbelle font amartin emuler
1265 2486 2450 2578 t lont mis en tel ueit ou le ne pot Nouuer
1187 2559 2450 2642 Et martuis ua tautos les degrelaualer
1189 2610 2418 2711 Ia peiissies uerir les poures sy prsier
1184 2665 2273 2762 Lapaincez pooit on en le presse durer
1187 2716 2409 2817 Maitmelex̾sist en reuc seoi et ordener
1173 2783 2409 2875 Sa r che quil uoloit dire nosoient refuser
1164 2840 2616 2923 Pout ua martinis bes bieus partir et deseuerer
1205 2895 2422 2987 set en fait a dasauns sy largement dõner
1166 2957 2294 3061 sui tout ensouniet estoit du porter
