3104 4140
1254 761 2685 876 en se ꝯpaigne estorent .c. nulle põgnaour
1486 733 2560 814 ssuez antoines de põint le maiour
1175 830 2602 929 donnoient ches uinsanes chil cor et lhil tanbur
1175 901 2464 986 Garasin sadonberent quant oyrent le ferour
1184 954 2549 1044 Le riche roy briuant et hurtans laumatour
1198 1014 2494 1104 Et le fort Roy a bel le fieux de leur serour
1191 1074 2411 1166 slul ont fait adouber celle gent pan ennour
1180 1133 2547 1219 Deuant põme legrant expres sur le uerdour
1180 1191 2501 1283 ordemiẽt leur batailli ly fe lon tray tour
1189 1253 2710 1354 Et ly uous pois anthoies qui tant ot de fierour
1173 1317 2466 1400 Brocha des esperans sen courant misondour
1175 1375 2429 1462 unst sien coulin a suit porter sen oriflour
1191 1432 2452 1520 l abaisse le lanche qui ny lifait demour
1187 1485 2846 1577 Hers le paien chencoiche pour aquerre lamousr lõnoͬ
1191 1552 2618 1646 Eu su uoir entoutra roy a bel le greignour
1242 1621 2508 1706 el cop ly a donne d le lanche daubour
1180 1676 2616 1770 Que il he lya percluet sen escut point a flour
1173 1741 2797 1842 Le haubert ne ly uault le fons dun uies tã bour
1189 1803 2577 1911 Le cier ly afendu mort labat sans demour
1175 1869 2328 1973 Constantinoble sie a loy deupereour
1205 1927 2413 2056 a pensielz ueil ung sy hideux estour
1171 1996 2524 2111 Et caple maintenir plain de cruel a tour
1157 2058 2549 2182 Gonnoient ches buismes et chil cor acbenour
1178 2141 2321 2233 Et queoient aterre sarrasins boisour
1178 2194 2305 2295 Ache cõmenchemẽt en orent du piour
1184 2247 2588 2357 Car ly fors Rois auchomes estoit espris dardour
1171 2320 2374 2419 De se fille ly membre ale freche coulour
1175 2375 2600 2474 Qui estog aussy blanche cõme al camps la flour
1184 2438 2468 2536 Et ossy Reluisans cõme est solaux au iour
1184 2490 2399 2605 Helaine dist ly rois sil plest au sauueour
1180 2539 2537 2656 Ia nares se dieux plest ne mary ne seignour
1184 2608 2687 2711 ders seullement mõ corps quoy q̃ che soit folour
1201 2672 2542 2769 Puis que de lapostolle en aray le donchour
1219 2730 2482 2822 euoꝰ aray a dame sy en teuray lõnou
1168 2794 2669 2877 Dont fiert ung sarrasin au brant sarrazineur
1173 2854 2574 2937 squesdens le pourfent ceur a de pãgnaour
1145 2904 2468 3001 Iuaz ne pooit durer deuãt luy a che iour
1263 2964 2650 3042 dult fut li Roisz authomes en bataille hardus
1155 3015 2510 3139 Ce se fiort es payens quii uassanꝑ de prũt
