3104 4140
1272 768 2650 864 Ou non de le rouie seres ou su lanchie
1272 841 2768 933 QQuant ly puuelle lot tout ly scanns en freme
1104 910 1189 1028 1
1272 906 2867 1009 Nõ pour quant Resspondy e adieu Iete dracie
1288 982 2929 1074 Euant pour ma mort seia ma dame Resppitie
1267 1037 2648 1138 Dont le uacoler donchiement la baisie
1267 1099 2802 1216 Et dist dame rome scachies sun aparcilie
1283 1179 2712 1278 De morir en uo non Ia nert espargnie
1272 1251 2809 1343 us enteray au feu spoit uous achiere lie
1274 1313 2961 1412 Hrirs souurent pour moy chest chie que Ie uous prie
1279 1375 2871 1467 Quant elame lou teut hault plemre etrie
1270 1439 2830 1547 Et ly contes sassist queteure mont larmie
1283 1517 2834 1612 Re garde se auechan que ne sesmaia me
1281 1580 2800 1667 IRecheuoir le mort pour se dame ioli
1306 1639 2777 1741 dont le ua baisier ⁊ ly dist doullse aie
1260 1699 2795 1816 Pardonne mon ta mort car Ie le cay iugie
1270 1754 2917 1879 Ou cles dist la pucelle dieux pardon uous otrie
1272 1826 2811 1964 Ossy trosuraiement biaux duclen iely prie
1300 1902 2890 2021 pue ly doux Ilũ crist pardẽna sanez enuie
1288 1982 2825 2086 Ie rrescruense mort que ly fu pour cachie
1295 2060 2811 2150 ꝑuãt longis le fery de se lauche esgnisie
1283 2118 2820 2226 Ia fusse grant pite de uir le cõpaignie
1274 2182 2765 2281 Lar il ny ot chelux que densy ne satenrie
1267 2242 2936 2346 Euapaiues pooit parler mes lybelle marie
1281 2300 2903 2417 dist oncles Ie uous pry quelle soit aparellir
1277 2366 2850 2481 Me dame souffisans quelle ne muiure mie
1320 2440 2719 2550 er con batiel le uoie ose poure mẽme
1263 2504 2765 2631 Car se ie les y uoy iou en moray plus lie
1208 2599 1235 2684 o
1415 2564 3005 2688 neles dist le pucelle que tant ot le corps bel
1320 2684 1408 2734 20
1573 2635 3007 2748 uous prie que le dame soit ainseau bati
1265 2700 3009 2815 Et au deux ses enfans que sont petit donchil
1277 2764 2924 2872 Par se Ie les y uoy ie uous dy sans rapel
1260 2838 3011 2953 Quer plus lix unmoray foy que doy saint mar
1265 2900 2970 3019 Nieclie che dist ly contrs qui point nauoit Reuil
1293 2957 3002 3081 Le brach uous ceencheray lors aprins ꝯme ymel
1288 3019 2887 3162 uone espre qui moult ot treuchant le contel
