3104 4140
230 795 1776 936 mari par de sons laube que ly pouresclarchy
184 876 1603 998 o leuerent ly poy qui tant furent hardy
126 931 1290 1064 larcheuesque uiurent ocoraige ager
131 968 1518 1122 y Rois heuris a sit sans faire nel dtrix
1394 1021 1573 1106 npry
124 1044 1348 1175 qre cor me Rendes pour dieu Ie uoꝰ
131 1085 1583 1239 Ney enfans dracieur qui tant uous aut ẜuy
124 1152 1398 1301 Par Ie les en uoray mener auengues my
131 1198 1509 1361 de che que fait aues Ie uoul lor ergrasy
112 1260 1629 1439 Bien le uous meriray ains le mien tamplseng
138 1331 1373 1485 et dist by archeuesque nen pra mie ains
135 1382 1419 1534 a ues serout de mon se dieu plest deparly
524 1430 1433 1554 moy congurment garde cly
128 1501 1456 1653 dy quil y demouront carchie soit mix amy
195 1534 1560 1720 ist le Roy dengliterre Il ne puet eftre ainsy
954 1612 1530 1713 Emoy engeneny
121 1651 918 1796 Par chesont my enfant
345 1658 1571 1833 rois que Ieles Raie Ia nereut estoudy
117 1727 1587 1904 ar forccie ou par amoir se partiront de chy
241 1830 1369 1950 dist ly archenesque dont yara estry
184 1872 1509 2007 ady ases lõmes armes uous Ie uous pry
241 1938 1560 2065 faites que mergent soient ꝑtout fremesty
186 1987 1755 2127 out furent parue le uille adout darmes garny
161 2067 1348 2187 s armes sont courir la ot maint cor be
174 2086 1507 2244 et uiurent ou palais gentement establr
142 2150 1790 2311 It quant ly rois bes uirent senfurent tout main
138 2256 812 2357 Et audoy ly enfant
901 2226 1566 2327 uout Quuut merchy
142 2277 1306 2421 ꝑgentil archeuesque et disoient ainsir
128 2334 1350 2465 Cre sanries nopere et no taion aiussy
197 2380 1730 2523 ons les iours de ⁊ no uie demourons auentty
179 2451 1355 2582 dont parla ly tois ꝯapela heuris
301 2502 1723 2638 ⁊ roy heuri. par la que point ne se pot taire
301 2562 1638 2695 et sist a larcheuesque sireque uolesfture
223 2619 1728 2743 sont caul enfant nien chest cose se cretaire
204 2674 1633 2806 ons deux les engeuray en le tresdbõnaire
170 2762 1458 2863 lane leloiams qui trint Mont uiair
310 2796 1707 2921 dist cy archeueiqne foy que doy saint elaire
177 2852 1709 2980 e croy uienquainsy car bien uoy lexainplair
154 2909 1797 3047 Mes omoy demouront sana penser nuil cõtrane
135 2980 1481 3091 Par tel coudsion coucur beur uray faire
372 3047 1161 3130 ne res ueul ps ossy d
1205 3019 1635 3102 uoul Retraire
158 3054 2006 3219 Mieli uous le mes leresi lhy endroit en mon atuat airi
