3104 4140
441 818 1378 919 a ly bers urisser a le chiereme
1477 809 1514 883 20
195 867 1382 984 uell le mer sen uil ou ot mainti
119 922 1336 1051 luerques marchans dengleterre le le
126 1032 236 1113 Enta
568 975 1362 1074 ussel que nx fst ariesti
135 1032 1295 1154 et ly ms sesquita le uoille su leua
135 1069 1454 1209 usque aport alondres ny out fait arustee
131 1168 777 1267 lenques monta urisse
865 1131 1265 1225 ur leteror le
133 1193 1327 1327 essy iusqua lndres nya fait demouree
133 1225 1645 1393 u palais est moutys ou grande pa lassamblee
147 1304 1325 1449 y contes d clochestee yfir o sespouse
138 1363 1585 1511 Quant il ont ueu brisse qui uint teste leuee
147 1423 1693 1563 loult uien lont Recõgunt car plus ot duueauee
991 1481 1431 1570 erte proume
156 1517 809 1623 de moret ale court cli
147 1527 1532 1692 auent martin sen fareque enfist de seueree
149 1603 1693 1731 doi che que le contesse que uaiuiere funee
147 1662 1373 1782 holoit amee martii par se sieri pensee
172 1724 1532 1835 Same su au cuer mallement courmẽtee
253 1777 1608 1892 lie que ues enfans ont undiet le cõtree
140 1856 1670 1957 dour le grant loiaulte quẽ y aiyo auoit croume
149 1911 1419 2026 Noult sestoit Rpentu que sy sest escaust
151 1966 1541 2086 air lamour de martinn par malle destinee
165 2030 1410 2139 Et quelle fu en luy sytres malle ainsee
266 2088 1458 2208 en corpe mechier souuent en fu yree
170 2143 1546 2279 y cost quelle uit urise en le salle paree
177 2217 1168 2325 deux uraa la cola ⁊ ly fist estire
140 2249 1449 2389 Bras uien soirs uenues en de salepanc
151 2311 1566 2444 due pait don uo frere pour le uiergeloie
158 2369 1829 2502 dame il fait moult unen par le uertu locs distree
186 2449 1286 2553 e sõmes uabtisiẽt en yauensaree
170 2500 1617 2622 Ron frere aauon martui eh est uerite ⁊prouuee
207 2569 1560 2677 pur ay auon urisses or auons mainte anee
163 2622 1615 2739 pour le mere trouuer qui de nous fist portee
181 2688 1601 2799 rachiez par maint pois mainte Fre sustee
174 2746 1509 2858 tle pere ensement quen fist lendenier
186 2789 1794 2923 Nes le merchy dediee qui fist equel et cdouses
193 2870 1617 2973 romne auoutus peredeat Ioie est artoirm
188 2914 1774 3031 n nos cuerl mes no ꝑ mere nauois point̾ Irenee
190 2960 1806 3088 ion pour quant sauous uien ꝯment elle est nõmee
186 3024 1700 3134 Nles noꝰ noꝰ plaignone moultan tuer et enpenser
179 3068 1470 3213 da conti de elochestri qui uous a espouse
