3104 4140
1380 910 2524 1000 lle xiue est uenua ⁊ puis se cõmonda
1362 972 2581 1060 ema hon gamelin et derdent se plonqua
1332 1035 2482 1110 Pai air et par paiee en le mer se noia
1387 1076 2524 1163 et hantõne fu prise paien ny demora
1343 1161 2429 1267 Iu uorde ne maison Roy henry ny laissa
1518 1131 2551 1221 fu et gastee seignen ache camp la
1385 1232 2397 1322 is tentes et astres le roy sen Reparra
1362 1281 2393 1370 Iu dane le rõme donchencent festia
1403 1396 2517 1485 gentil damoisil que loiaument lama
1442 1460 2590 1534 runt iut auent luy quant le feste passa
1401 1501 2487 1586 n ycelle mutie quauoeque lun concha
1373 1552 2574 1649 u saindbrisse couchus de che ne doubter ia
1336 1603 1359 1674 6
1380 1612 2632 1699 dour esre sors a dien grant roiaulme laissa
1346 1658 2487 1752 Et seruy saint martii sen oncle qui rẽgna
1346 1704 2554 1814 kcheuesque de tours aussy con uoue dera
1387 1761 2751 1874 e⁊ pus le fu sance brissee q uilmait maleidura
1392 1819 2524 1927 t se fu pour yrant que son oucle mosqua
1392 1874 1992 1959 uss y que par dsdam
1364 1920 2735 2030 pont ui. aua pours Ious entieri en ꝓainedemoura
2013 1897 2528 1982 uoigne Il lapela
1385 1971 2427 2079 ⁊ comenche canchou que oir le uora
1440 2028 2381 2129 ꝯ ly roit ꝯstait oussy d sprisduna
1412 2125 2710 2237 lai sanch. en lonbali ly uan coi ly dẽna
1569 2090 2784 2182 coyr as moirra reux ou lonc tampe demora
1387 2168 2648 2297 che non print uoi diaux E quoy Il posessa
1380 2233 2505 2343 aut fist le Roy hieury ⁊ sy bien sesploita
1380 2279 2399 2389 e a dine descoche ds pazene de luera
1373 2369 2420 2490 pres ly pois heuris on son cuersauisa
1619 2343 2367 2444 baprisier monstir y estora
1355 2433 2579 2539 de iangle prechieux que dRieux lyenuoia
1385 2493 2579 2592 n le qurison a brugys ouurunt mal oudura
1378 2555 2595 2647 ii ly dist le nouuelle que saune trouuera
1394 2610 2549 2700 e le chite d tours sy ios quil y uerra
1359 2658 2595 2755 a dout adit l goit que maie naresteia
1364 2716 2597 2817 Tant quil ueura a touts ou aoble chite a
1366 2771 1378 2842 i
1334 2829 2388 2921 qualtin et brision auenque luy auena
1435 2780 2478 2868 st entre en met a dieuse cõmanda
1394 2879 2646 2989 t le bon archeuesque que forment lesiama
1431 2941 2586 3047 su d rois anchome qui seu qaie dõna
1364 2992 2639 3095 lu diaue le belle pour cheque les ieta
1329 3049 2807 3148 Pe le mort perilleuse que forment a rembta
1375 3102 2722 3187 ⁊ lu diane le belleas uaront demanda
1375 3155 2590 3291 e son fure amouex ⁊ sy abit ly conta
