3104 4140
216 717 1283 825 Omaistre de la nef fu liuree le sai
230 770 1845 876 Quãt li maistres le uoit de sy plaisant coraige
236 823 1776 929 tout li prist uolente dauoir son puchelaige
239 885 1615 984 Ie Royne ꝑlouroit qui o ceur ot le flange
255 929 1898 1035 Et dist peres des chieux qui noꝰ lis a tymaighe
248 1000 1537 1090 con Ie sin arrinee a ungĩselon passaiꝰ
227 1035 1981 1150 pułt teuremẽt ꝑ louroit se siusun a san uisaige
243 1099 1686 1200 ly maistre de le nef li dist en son langrnt
213 1150 1905 1251 Belle bien uiegnies uoꝰ par ddens mõ mẽnaige
190 1207 1898 1306 Taut uoꝰ uoy gracieuse ⁊ de si belle liffarre estaige
225 1262 1670 1366 Que prendre uoꝰ uorras encor a marrage
232 1308 1909 1414 Mais au moy geures sans auoir aultre hostaige
241 1363 1958 1474 Een ung lieu moult priue le mena par oultraige
319 1421 1923 1534 he dieux que le pucelle demaine deul Ramaige
243 1485 1741 1596 Ses gheneux derõpoit ⁊ frotoit son uisaige
361 1547 1472 1642 par̾ le Roydle cy le Robaour parler
365 1596 1592 1697 Qui se uoloit en li ensement deliter
243 1646 1757 1761 Donr cõmencha le belle feuremẽt a plourer
257 1715 1405 1819 ly sarrazine le p̾nt formẽt a acoler
246 1757 1612 1872 Et li dist demoiselle laissies le deul ester
246 1816 1709 1934 Car se uoꝰ me uolles bien ꝑ amoure amer
207 1853 1962 2000 Caut dauoir uoꝰ douray que uoꝰ porres nombrer
398 1936 1682 2042 coꝰ uorray ossy a moullier espouser
260 2042 296 2120 ¶
414 1987 1718 2104 ost quẽ mõ pays Ie porray retouruer
241 2035 1905 2166 Mais il comuient que chy uoꝰ ueullies adõner
248 2104 1767 2235 Et sans nõ plaisir sant point de demorer
260 2168 1675 2288 Car ie ne mẽ porroie nullemẽt deporter
260 2201 1932 2355 Que ne faiche de uoꝰ ñe ceur et nie penser
253 2272 1792 2401 prre che dist helame sen faittes a ulamer
253 2339 1675 2467 Que me uolles auoir ⁊ a moy marier
266 2398 1532 2523 ret se me uollez chy eusement uioler
319 2458 1672 2576 uoꝰpri poͬ cheluy qui tout a a sauuer
264 2493 1981 2638 Que cant ueullies attendre de moy despuceler
280 2578 1606 2688 Que ie seray uo fẽme nel debues Refuser
303 2612 1914 2760 ar uoꝰ ne debnes nue le mien corps a honter
250 2688 1682 2819 Belle dist ly payen laissies uo s̾mõner
269 2762 1771 2861 Car qui me debueroir a sourques encroer
278 2812 1845 2934 Ne uoꝰ uauldroie mie Iusquai uespre garder
278 2881 1737 2989 Obeir uoꝰ conuient quoy quil doie couster
257 2939 1693 3045 Ar se uoꝰ ne le faittes troy ares a porter
257 2996 1677 3134 Car foy que doy mahon que Ie doy aourer
