<?xml version="1.0" encoding="UTF-8"  standalone="yes"?>
<PcGts xmlns="http://schema.primaresearch.org/PAGE/gts/pagecontent/2019-07-15" xmlns:xsi="http://www.w3.org/2001/XMLSchema-instance" xsi:schemaLocation="http://schema.primaresearch.org/PAGE/gts/pagecontent/2019-07-15 http://schema.primaresearch.org/PAGE/gts/pagecontent/2019-07-15/pagecontent.xsd">
  <Metadata>
	<Creator>escriptorium</Creator>
	<Created>2025-10-15T20:24:31.121193+00:00</Created>
        <LastChange>2025-10-15T20:24:31.121214+00:00</LastChange>

  </Metadata>
  <Page imageFilename="620416201_MS0742_0766_0195A.jpg" imageWidth="3104" imageHeight="4140">

    
    <TextRegion id="eSc_textblock_f22de801"  custom="structure {type:text;}">
      <Coords points="609,883 1366,892 1433,938 1578,938 1534,1002 1698,1021 1753,1067 1744,1129 1442,1184 1366,1324 1421,1598 1532,1674 1532,1736 1394,1839 1403,1975 1652,2042 1624,2187 1550,2244 1569,2334 1633,2364 1652,2444 1477,2665 1525,2723 1753,2760 1744,2831 1569,2852 1514,2962 1514,3098 1421,3171 846,3226 807,3199 395,3199 110,3153 101,2309 110,2198 174,2125 110,2086 101,2012 92,929 119,892 609,883"/>
      
      
      <TextLine id="eSc_line_998ad6ac" custom="structure {type:default;}">
        <Coords points="1371,896 1295,890 1277,890 1254,890 1231,890 1208,890 1184,890 1180,887 1143,899 1134,899 1127,899 1074,887 1069,887 1046,887 1035,887 1007,899 1003,899 998,899 950,885 947,885 945,885 943,885 897,899 881,903 800,903 793,899 768,885 766,885 763,885 625,887 623,887 591,899 572,906 446,906 432,899 416,890 414,890 411,890 345,892 342,892 340,892 340,894 335,899 326,906 195,899 197,952 197,977 347,982 349,982 352,982 377,975 398,970 416,975 469,986 471,986 473,986 503,972 510,970 517,972 556,986 559,986 561,988 667,988 667,986 669,986 671,986 699,970 701,968 713,970 750,975 752,975 754,975 757,975 766,968 773,963 798,968 849,977 851,977 989,963 1033,961 1037,963 1058,977 1060,977 1063,977 1065,977 1067,977 1125,961 1138,959 1152,961 1198,975 1201,975 1203,975 1205,975 1208,975 1226,961 1231,959 1375,959 1378,940 1373,899 1371,896"/>
        <Baseline points="197,952 1378,940"/>
        <TextEquiv conf="0.9597473054221182">
          <Unicode>asias lmzaroi frere marte ⁊ marie</Unicode>
        </TextEquiv>
      </TextLine>

      
      
      <TextLine id="eSc_line_542ae055" custom="structure {type:default;}">
        <Coords points="126,1014 126,1028 543,1044 545,1044 637,1028 639,1028 641,1028 740,1041 743,1041 837,1030 929,1041 931,1041 934,1041 961,1030 975,1041 977,1041 980,1041 982,1041 984,1041 1014,1028 1442,1039 1445,1039 1509,1023 1509,998 1502,965 1442,972 1431,965 1417,954 1415,954 1412,954 1247,954 1244,954 1242,954 1210,968 1205,970 1198,968 1171,954 1168,954 1166,954 1090,968 1069,972 1056,968 1017,956 1014,956 1012,956 1010,956 1007,956 991,970 984,977 819,977 805,972 759,956 757,956 754,956 678,972 664,977 549,977 545,975 529,961 526,961 524,961 522,961 520,961 517,961 501,975 499,977 434,977 425,975 377,959 375,959 372,959 370,959 308,977 306,977 301,977 255,959 253,959 250,959 124,977 126,1014"/>
        <Baseline points="126,1014 1346,1009 1509,998"/>
        <TextEquiv conf="0.9687106138051942">
          <Unicode>ar dẽnes trestour cheux qui me font unõme</Unicode>
        </TextEquiv>
      </TextLine>

      
      
      <TextLine id="eSc_line_9296fb14" custom="structure {type:default;}">
        <Coords points="154,1069 154,1094 524,1099 526,1099 568,1092 595,1087 614,1092 644,1099 646,1099 648,1099 747,1090 789,1087 823,1090 936,1099 938,1099 941,1099 943,1099 957,1087 964,1087 1012,1099 1014,1099 1017,1099 1019,1099 1019,1097 1028,1087 1030,1087 1208,1087 1208,1069 1208,1021 1152,1021 1150,1021 1148,1021 1145,1021 1145,1023 1132,1035 1083,1021 1081,1021 1079,1021 1076,1021 1074,1021 1051,1035 775,1021 773,1021 770,1021 768,1021 747,1037 644,1037 625,1021 623,1021 621,1021 556,1021 554,1021 552,1021 492,1035 425,1021 423,1021 335,1035 154,1021 154,1069"/>
        <Baseline points="154,1069 1208,1069"/>
        <TextEquiv conf="0.981103803172256">
          <Unicode>y tresuraement sire ie uous enpue</Unicode>
        </TextEquiv>
      </TextLine>

      
      
      <TextLine id="eSc_line_ff7c5436" custom="structure {type:default;}">
        <Coords points="1189,1071 1168,1071 1145,1087 1019,1087 975,1074 968,1071 959,1071 941,1071 938,1074 922,1087 867,1087 823,1076 805,1071 803,1071 800,1071 798,1071 796,1071 791,1076 775,1090 639,1090 621,1081 609,1074 607,1074 605,1074 352,1085 273,1087 262,1087 190,1074 188,1074 186,1074 131,1087 133,1120 138,1161 161,1145 287,1159 299,1159 301,1159 303,1159 306,1159 349,1145 391,1156 411,1163 414,1163 416,1163 455,1156 490,1150 522,1156 561,1163 563,1163 566,1163 568,1163 582,1154 593,1147 623,1154 655,1161 658,1161 660,1161 678,1154 701,1145 736,1152 786,1163 789,1163 791,1163 821,1152 828,1150 832,1152 865,1163 867,1163 869,1163 1099,1161 1102,1161 1138,1147 1152,1143 1313,1143 1320,1145 1362,1161 1364,1161 1366,1161 1456,1143 1458,1143 1461,1143 1479,1159 1481,1159 1484,1159 1583,1161 1585,1161 1587,1161 1589,1161 1615,1140 1737,1138 1737,1092 1730,1060 1576,1071 1382,1064 1267,1062 1265,1062 1263,1062 1249,1067 1231,1076 1205,1069 1191,1064 1189,1071"/>
        <Baseline points="133,1120 1065,1129 1297,1108 1737,1092"/>
        <TextEquiv conf="0.9332755133509636">
          <Unicode>ne uo mort pards nastes a u fausse maisie le</Unicode>
        </TextEquiv>
      </TextLine>

      
      
      <TextLine id="eSc_line_c1208fa5" custom="structure {type:default;}">
        <Coords points="161,1177 158,1209 184,1221 186,1221 188,1221 190,1221 193,1221 193,1219 202,1209 209,1205 391,1205 400,1209 437,1223 439,1223 441,1223 444,1223 476,1209 487,1205 531,1209 609,1219 612,1219 676,1209 692,1207 697,1209 717,1225 720,1225 722,1225 724,1225 791,1214 885,1225 888,1225 890,1225 892,1225 918,1209 920,1207 929,1209 1012,1228 1014,1228 1017,1228 1069,1209 1088,1225 1088,1228 1090,1228 1092,1228 1095,1228 1097,1228 1099,1228 1113,1216 1127,1228 1129,1228 1132,1228 1134,1228 1136,1228 1178,1216 1325,1228 1327,1228 1329,1228 1332,1228 1332,1225 1352,1209 1389,1209 1392,1186 1387,1150 1258,1140 1256,1140 1254,1140 1251,1140 1251,1143 1247,1147 1242,1150 1235,1147 1226,1140 1224,1140 1221,1140 1219,1140 1217,1140 1203,1145 1184,1156 1005,1156 991,1143 989,1140 987,1140 984,1140 982,1140 980,1140 977,1140 975,1143 961,1154 828,1154 706,1140 683,1138 681,1138 678,1138 676,1138 660,1154 586,1154 497,1136 485,1136 483,1136 467,1136 326,1150 161,1133 161,1177"/>
        <Baseline points="161,1177 706,1191 1392,1186"/>
        <TextEquiv conf="0.9575831504030661">
          <Unicode>iournee que ceoous fustẽt uo cher mortifiee</Unicode>
        </TextEquiv>
      </TextLine>

      
      
      <TextLine id="eSc_line_7e86b609" custom="structure {type:default;}">
        <Coords points="128,1269 170,1271 172,1271 174,1271 177,1271 177,1269 190,1258 411,1260 421,1271 425,1274 425,1276 427,1276 430,1276 432,1276 483,1271 524,1267 545,1271 572,1278 575,1278 577,1278 579,1278 582,1278 591,1271 595,1267 612,1271 635,1278 637,1278 639,1278 641,1278 655,1271 664,1267 671,1271 685,1281 687,1281 690,1281 777,1283 780,1283 931,1271 952,1271 957,1271 989,1283 991,1283 994,1283 996,1283 1019,1271 1033,1285 1033,1288 1035,1288 1037,1288 1040,1288 1164,1271 1166,1258 1166,1219 1127,1202 1125,1202 1122,1202 1120,1202 1088,1219 1083,1219 1081,1216 1040,1200 1037,1200 1035,1200 1033,1200 1030,1200 1007,1214 1003,1216 890,1216 881,1209 862,1198 860,1198 858,1198 855,1198 809,1207 780,1214 747,1205 720,1198 717,1198 715,1198 713,1198 710,1198 704,1205 692,1212 660,1202 628,1193 625,1193 623,1193 549,1198 441,1207 391,1193 375,1189 372,1189 370,1189 347,1191 299,1198 269,1189 262,1186 260,1186 257,1186 246,1189 177,1202 133,1184 131,1239 128,1269"/>
        <Baseline points="131,1239 1166,1258"/>
        <TextEquiv conf="0.9813388604670763">
          <Unicode>y faitement disoit le Rome esmae</Unicode>
        </TextEquiv>
      </TextLine>

      
      
      <TextLine id="eSc_line_a744414e" custom="structure {type:default;}">
        <Coords points="1129,1258 1106,1258 1099,1258 1042,1267 1040,1267 1037,1267 1023,1255 1014,1255 1000,1255 984,1267 966,1255 945,1255 943,1255 922,1267 687,1267 593,1251 591,1251 589,1251 586,1251 563,1271 483,1271 393,1248 151,1248 149,1248 147,1248 144,1248 117,1267 119,1304 119,1329 315,1338 317,1338 319,1338 342,1329 354,1324 361,1329 381,1336 384,1336 386,1336 388,1336 391,1336 400,1327 404,1324 499,1324 531,1327 653,1338 655,1338 812,1324 821,1324 826,1324 968,1336 971,1336 973,1336 975,1336 987,1327 998,1336 1000,1336 1003,1336 1005,1336 1069,1324 1138,1336 1141,1336 1143,1336 1198,1320 1198,1299 1194,1267 1132,1258 1129,1258"/>
        <Baseline points="119,1304 1198,1299"/>
        <TextEquiv conf="0.9565880720208331">
          <Unicode>dont fist egbe mala de ensen litt couchie</Unicode>
        </TextEquiv>
      </TextLine>

      
      
      <TextLine id="eSc_line_f3889129" custom="structure {type:default;}">
        <Coords points="133,1359 133,1386 216,1384 220,1386 232,1398 232,1400 234,1400 236,1400 239,1400 241,1400 266,1386 276,1384 365,1384 370,1386 384,1398 384,1400 386,1400 388,1400 391,1400 393,1400 423,1386 432,1384 473,1386 605,1400 607,1400 865,1398 867,1398 892,1386 904,1384 913,1386 950,1400 952,1400 954,1400 1053,1386 1083,1384 1090,1386 1106,1398 1109,1398 1111,1398 1113,1398 1115,1398 1118,1398 1132,1386 1138,1384 1279,1386 1283,1359 1279,1320 1184,1313 1182,1313 1180,1313 1159,1317 1129,1327 1113,1317 1106,1313 1104,1313 1102,1313 1099,1313 1097,1313 1076,1317 1042,1327 1000,1317 975,1313 973,1313 971,1313 957,1317 927,1327 895,1317 878,1313 876,1313 874,1313 872,1313 869,1313 862,1317 844,1329 752,1329 738,1317 738,1315 736,1315 734,1315 731,1315 717,1317 646,1327 621,1315 618,1315 616,1315 614,1315 605,1315 543,1327 526,1315 524,1313 522,1313 520,1313 393,1313 391,1313 388,1313 386,1313 386,1315 384,1315 372,1329 326,1329 131,1315 133,1359"/>
        <Baseline points="133,1359 690,1373 1283,1359"/>
        <TextEquiv conf="0.9583953754468397">
          <Unicode>⁊ aist ne sen leuera sa ra Iele chite uoidie</Unicode>
        </TextEquiv>
      </TextLine>

      
      
      <TextLine id="eSc_line_d3e9ab80" custom="structure {type:default;}">
        <Coords points="147,1423 144,1449 862,1460 865,1460 952,1446 954,1446 959,1446 1035,1460 1037,1460 1143,1444 1145,1426 1141,1389 1005,1377 1003,1377 1000,1377 982,1386 971,1391 945,1384 915,1377 913,1377 911,1377 908,1377 906,1377 906,1380 899,1384 888,1393 837,1384 812,1380 809,1380 807,1380 798,1382 773,1396 591,1396 577,1380 575,1380 575,1377 572,1377 570,1377 409,1375 407,1375 404,1375 402,1375 400,1377 384,1391 349,1377 345,1375 342,1375 340,1375 338,1375 333,1377 287,1391 147,1375 147,1423"/>
        <Baseline points="147,1423 683,1435 1145,1426"/>
        <TextEquiv conf="0.9706147449357169">
          <Unicode>Aiche Rroy heury ⁊ chl de se lignie</Unicode>
        </TextEquiv>
      </TextLine>

      
      
      <TextLine id="eSc_line_7af22bdf" custom="structure {type:default;}">
        <Coords points="554,1432 455,1444 432,1430 414,1430 391,1430 368,1430 345,1428 322,1428 299,1428 276,1428 262,1428 260,1428 257,1428 255,1428 236,1439 117,1428 117,1476 115,1501 156,1511 158,1511 161,1511 163,1511 172,1501 174,1501 190,1515 193,1515 195,1515 197,1515 200,1515 202,1515 220,1501 223,1499 223,1501 241,1515 243,1515 246,1515 248,1515 326,1501 354,1497 370,1501 402,1511 404,1511 407,1511 522,1501 552,1520 554,1520 556,1520 559,1520 632,1506 678,1520 681,1520 683,1522 828,1522 828,1520 830,1520 832,1520 851,1506 865,1517 865,1520 867,1520 869,1520 872,1522 957,1522 957,1520 959,1520 961,1520 980,1506 994,1517 996,1517 998,1517 1074,1520 1076,1520 1079,1520 1132,1497 1134,1497 1371,1497 1373,1469 1369,1428 1155,1428 1152,1428 1150,1428 1111,1444 1072,1430 1069,1430 1067,1430 1065,1430 1035,1442 971,1432 968,1432 966,1432 938,1446 609,1446 566,1432 554,1432"/>
        <Baseline points="117,1476 908,1490 1373,1469"/>
        <TextEquiv conf="0.9607187102480632">
          <Unicode>et ly uous Roisz henry me diensoir en aie</Unicode>
        </TextEquiv>
      </TextLine>

      
      
      <TextLine id="eSc_line_c151bf2c" custom="structure {type:default;}">
        <Coords points="117,1554 345,1552 352,1557 363,1566 363,1568 365,1568 368,1568 370,1568 372,1568 414,1557 432,1554 453,1557 524,1570 526,1570 529,1570 579,1557 593,1554 600,1557 625,1570 628,1570 630,1570 632,1570 662,1559 720,1573 722,1573 724,1573 727,1573 763,1563 913,1575 915,1575 1111,1557 1113,1543 1104,1497 1086,1511 915,1511 646,1492 641,1492 639,1492 637,1492 510,1501 497,1490 494,1490 492,1490 490,1490 487,1490 439,1501 322,1488 315,1488 312,1488 303,1488 151,1497 121,1485 119,1531 117,1554"/>
        <Baseline points="119,1531 1113,1543"/>
        <TextEquiv conf="0.9816961938684637">
          <Unicode>entre en le chite anoble ꝯpaignie</Unicode>
        </TextEquiv>
      </TextLine>

      
      
      <TextLine id="eSc_line_a17f219d" custom="structure {type:default;}">
        <Coords points="112,1614 273,1607 310,1616 335,1623 338,1623 340,1623 379,1616 432,1607 497,1616 568,1626 570,1626 572,1626 595,1616 609,1609 630,1616 658,1623 660,1623 662,1623 664,1623 690,1616 710,1609 722,1616 747,1628 750,1628 752,1628 754,1628 800,1614 805,1614 807,1614 823,1628 826,1628 828,1628 830,1630 938,1630 938,1628 1017,1626 1019,1626 1021,1626 1037,1614 1040,1612 1040,1614 1063,1630 1065,1630 1067,1630 1069,1630 1143,1614 1175,1630 1178,1630 1180,1632 1247,1632 1247,1630 1385,1612 1387,1598 1382,1554 780,1557 701,1545 658,1540 655,1540 653,1540 651,1540 644,1545 630,1554 577,1545 549,1540 547,1540 545,1540 531,1545 499,1554 476,1543 469,1540 467,1540 464,1540 462,1540 455,1543 441,1550 437,1543 434,1540 432,1540 432,1538 430,1538 427,1538 425,1538 372,1543 287,1550 230,1540 207,1538 204,1538 202,1538 195,1540 161,1552 117,1540 115,1589 112,1614"/>
        <Baseline points="115,1589 1387,1598"/>
        <TextEquiv conf="0.9563122057333225">
          <Unicode>aar le chite Regade le uon roy qui larune</Unicode>
        </TextEquiv>
      </TextLine>

      
      
      <TextLine id="eSc_line_8e283a16" custom="structure {type:default;}">
        <Coords points="119,1642 117,1667 285,1667 287,1667 326,1681 329,1681 331,1681 510,1669 589,1683 591,1683 710,1669 717,1669 720,1669 740,1685 743,1685 745,1685 747,1688 901,1688 901,1685 904,1685 906,1685 920,1672 973,1688 975,1688 977,1688 1212,1672 1214,1651 1212,1619 1157,1603 1155,1603 1152,1603 1150,1603 1111,1616 1106,1616 1088,1614 966,1600 964,1600 961,1600 938,1612 931,1616 830,1616 819,1609 807,1600 805,1600 803,1600 800,1600 763,1607 729,1614 685,1605 644,1598 641,1598 591,1603 517,1612 499,1600 487,1596 485,1596 483,1596 448,1600 384,1609 372,1598 370,1598 370,1596 368,1596 365,1596 363,1596 361,1596 354,1598 331,1607 119,1593 119,1642"/>
        <Baseline points="119,1642 704,1655 1214,1651"/>
        <TextEquiv conf="0.9594645508237787">
          <Unicode>doir ueoir sil uerroit elame lageusie</Unicode>
        </TextEquiv>
      </TextLine>

      
      
      <TextLine id="eSc_line_4b06d163" custom="structure {type:default;}">
        <Coords points="697,1655 694,1655 674,1660 644,1669 579,1660 545,1655 543,1655 480,1658 322,1667 299,1655 294,1653 292,1653 289,1653 264,1655 149,1667 117,1653 115,1699 112,1722 186,1741 188,1741 190,1741 193,1741 216,1727 333,1727 381,1727 418,1741 421,1741 423,1741 494,1729 529,1745 531,1745 533,1747 685,1747 685,1745 687,1745 731,1731 738,1729 750,1731 853,1747 855,1747 927,1731 938,1731 950,1734 1033,1747 1035,1747 1178,1736 1208,1734 1219,1736 1274,1750 1277,1750 1279,1750 1525,1738 1527,1706 1516,1669 1500,1660 1497,1660 1495,1660 1493,1660 1491,1660 1472,1674 1470,1674 1456,1674 1348,1660 1346,1660 1343,1660 1306,1672 1293,1674 1265,1669 1198,1660 1196,1660 1194,1660 1191,1660 1191,1662 1184,1669 1178,1674 1053,1667 968,1662 966,1662 920,1665 823,1672 752,1662 699,1655 697,1655"/>
        <Baseline points="115,1699 888,1715 1527,1706"/>
        <TextEquiv conf="0.9839174378177394">
          <Unicode>noult teurement louroit a faire chiore esmarie</Unicode>
        </TextEquiv>
      </TextLine>

      
      
      <TextLine id="eSc_line_f3dd618a" custom="structure {type:default;}">
        <Coords points="128,1757 126,1782 172,1798 174,1798 177,1798 179,1798 181,1798 204,1782 434,1782 453,1798 455,1798 457,1798 460,1798 462,1798 464,1798 480,1784 556,1784 570,1796 572,1796 575,1796 577,1796 579,1796 628,1784 660,1800 662,1800 664,1800 667,1800 699,1791 713,1803 713,1805 715,1805 717,1805 957,1807 959,1807 1138,1793 1191,1803 1194,1803 1196,1803 1237,1787 1240,1773 1235,1743 1196,1743 1196,1741 1178,1724 1178,1722 1175,1722 1173,1722 1171,1722 1168,1722 1122,1738 1115,1741 1090,1738 982,1724 980,1724 977,1724 975,1724 964,1736 957,1741 950,1734 929,1720 927,1720 924,1720 922,1720 920,1720 890,1734 878,1741 738,1741 701,1729 671,1720 669,1720 667,1720 664,1720 662,1720 651,1727 641,1734 632,1727 623,1720 621,1720 618,1720 503,1718 501,1718 453,1722 370,1731 349,1720 340,1715 338,1715 335,1715 303,1718 223,1729 128,1715 128,1757"/>
        <Baseline points="128,1757 549,1764 763,1777 1240,1773"/>
        <TextEquiv conf="0.9766365128594476">
          <Unicode>⁊ authome luy dist qui a luy siemelie</Unicode>
        </TextEquiv>
      </TextLine>

      
      
      <TextLine id="eSc_line_0fb133fb" custom="structure {type:default;}">
        <Coords points="151,1819 149,1837 283,1835 306,1842 333,1851 335,1851 338,1851 340,1851 358,1842 370,1837 395,1842 439,1851 441,1851 444,1851 446,1851 457,1842 467,1837 526,1842 591,1849 593,1849 625,1844 651,1839 667,1844 704,1856 706,1856 708,1856 786,1844 807,1842 812,1844 830,1858 832,1858 835,1858 989,1860 991,1860 1083,1846 1086,1846 1099,1858 1099,1860 1102,1860 1104,1860 1164,1862 1166,1862 1320,1846 1323,1835 1323,1798 151,1782 151,1819"/>
        <Baseline points="151,1819 1323,1835"/>
        <TextEquiv conf="0.9843300371556669">
          <Unicode>e fire quaues uoua ne le me celes mie</Unicode>
        </TextEquiv>
      </TextLine>

      
      
      <TextLine id="eSc_line_6302a21e" custom="structure {type:default;}">
        <Coords points="234,1872 232,1890 315,1892 317,1895 340,1913 342,1913 345,1913 347,1913 432,1899 441,1897 446,1899 471,1911 473,1911 476,1911 520,1902 531,1899 538,1902 563,1913 566,1913 568,1913 609,1904 628,1902 671,1906 800,1922 803,1922 865,1913 883,1911 888,1913 897,1922 897,1925 899,1925 901,1925 904,1925 1003,1918 1079,1913 1224,1925 1228,1892 1226,1860 234,1828 234,1872"/>
        <Baseline points="234,1872 1228,1892"/>
        <TextEquiv conf="0.9820079460288539">
          <Unicode>ore pour claine qui souef fu noru</Unicode>
        </TextEquiv>
      </TextLine>

      
      
      <TextLine id="eSc_line_117a91bd" custom="structure {type:default;}">
        <Coords points="147,1920 142,1945 207,1948 211,1927 218,1833 154,1826 147,1920"/>
        <Baseline points="147,1920 211,1927"/>
        <TextEquiv conf="0.9402377605438232">
          <Unicode>Ce</Unicode>
        </TextEquiv>
      </TextLine>

      
      
      <TextLine id="eSc_line_46a41313" custom="structure {type:default;}">
        <Coords points="227,1927 225,1950 278,1964 280,1964 283,1964 310,1952 312,1952 315,1952 358,1968 361,1968 363,1968 365,1968 368,1968 386,1954 421,1971 423,1971 425,1971 427,1971 473,1959 520,1973 522,1973 524,1973 605,1959 609,1959 614,1959 664,1975 667,1975 669,1975 846,1971 1017,1984 1019,1984 1309,1973 1311,1950 1309,1904 1125,1918 1102,1899 1099,1899 1097,1899 1095,1899 1088,1899 931,1913 832,1913 826,1902 823,1902 823,1899 821,1899 819,1899 816,1899 750,1908 727,1892 724,1892 722,1892 720,1892 713,1892 639,1906 600,1890 591,1888 589,1888 586,1888 584,1888 572,1890 543,1899 531,1890 529,1888 529,1885 526,1885 524,1885 391,1885 388,1885 386,1885 379,1888 340,1899 322,1885 317,1881 315,1881 312,1881 310,1881 227,1883 227,1927"/>
        <Baseline points="227,1927 830,1950 1311,1950"/>
        <TextEquiv conf="0.9957368518366958">
          <Unicode>che dist heurin se sieu me benaie</Unicode>
        </TextEquiv>
      </TextLine>

      
      
      <TextLine id="eSc_line_05504fa4" custom="structure {type:default;}">
        <Coords points="170,1982 167,2005 250,2023 253,2023 319,2010 324,2010 331,2010 414,2028 416,2028 485,2014 487,2014 501,2026 501,2028 503,2028 506,2028 508,2028 710,2026 830,2040 832,2040 1329,2035 1332,2010 1327,1975 683,1968 671,1952 669,1952 669,1950 667,1950 664,1950 662,1950 646,1952 595,1964 483,1950 480,1950 423,1959 414,1945 411,1945 411,1943 409,1943 407,1943 404,1943 377,1943 278,1950 170,1938 170,1982"/>
        <Baseline points="170,1982 846,2012 1332,2010"/>
        <TextEquiv conf="0.9632268493112764">
          <Unicode>Ast ly rois authomez par me ceualierie</Unicode>
        </TextEquiv>
      </TextLine>

      
      
      <TextLine id="eSc_line_cfa59f49" custom="structure {type:default;}">
        <Coords points="1631,2044 1553,2028 1550,2028 1548,2028 1516,2042 1511,2044 1389,2044 1380,2040 1350,2023 1348,2023 1346,2023 1161,2030 1132,2019 1129,2019 1127,2019 1060,2030 1030,2035 1021,2028 1003,2017 1000,2017 998,2017 996,2017 994,2017 968,2028 957,2035 878,2035 757,2033 750,2021 740,2014 740,2012 738,2012 736,2012 734,2012 678,2021 623,2028 508,2017 487,2014 485,2014 473,2014 414,2021 404,2012 400,2010 400,2007 398,2007 395,2007 393,2007 391,2007 377,2012 358,2019 347,2012 342,2007 340,2007 338,2007 154,2007 154,2037 151,2072 241,2072 246,2074 278,2090 280,2090 283,2090 395,2076 409,2076 586,2081 591,2081 623,2097 625,2097 1065,2104 1067,2104 1069,2104 1099,2095 1118,2090 1136,2097 1166,2106 1168,2106 1171,2106 1173,2106 1191,2097 1208,2090 1260,2099 1313,2109 1435,2111 1438,2111 1440,2111 1456,2104 1474,2097 1511,2106 1543,2113 1546,2113 1573,2109 1608,2099 1635,2109 1642,2074 1640,2058 1631,2044"/>
        <Baseline points="154,2037 727,2074 1642,2074"/>
        <TextEquiv conf="0.9768302064874897">
          <Unicode>ms que uous en plourer nest pas droisqueen Rie</Unicode>
        </TextEquiv>
      </TextLine>

      
      
      <TextLine id="eSc_line_2f084eb1" custom="structure {type:default;}">
        <Coords points="239,2113 236,2150 430,2148 448,2152 492,2166 494,2166 497,2166 554,2155 584,2166 586,2166 589,2168 812,2168 812,2166 814,2166 858,2150 862,2148 865,2150 876,2159 876,2162 878,2162 881,2162 883,2162 885,2162 924,2152 968,2166 971,2166 973,2166 975,2166 1030,2150 1037,2148 1042,2150 1076,2166 1079,2166 1081,2168 1141,2168 1141,2166 1143,2166 1145,2166 1166,2150 1212,2159 1214,2159 1329,2148 1341,2148 1343,2148 1389,2166 1392,2166 1394,2166 1608,2145 1610,2127 1603,2088 1532,2095 1500,2086 1474,2079 1472,2079 1470,2079 1468,2079 1451,2086 1431,2097 1348,2097 1270,2086 1221,2079 1219,2079 1217,2079 1205,2083 1184,2095 1125,2083 1095,2079 1092,2079 1090,2079 1079,2083 1053,2095 1026,2083 1023,2083 1021,2083 1019,2083 968,2095 938,2083 929,2079 927,2079 924,2079 922,2079 920,2079 915,2083 899,2095 761,2095 743,2081 740,2079 738,2079 736,2079 734,2079 731,2079 729,2079 729,2081 727,2081 710,2097 513,2097 460,2081 457,2081 455,2081 453,2081 450,2081 430,2095 402,2079 400,2079 239,2079 239,2113"/>
        <Baseline points="239,2113 678,2136 1610,2127"/>
        <TextEquiv conf="0.9831717638082282">
          <Unicode>sout a grant mesquies ly riche Roy uaillant</Unicode>
        </TextEquiv>
      </TextLine>

      
      
      <TextLine id="eSc_line_2cbabaf0" custom="structure {type:default;}">
        <Coords points="181,2171 181,2214 234,2201 377,2201 402,2214 416,2221 418,2221 421,2221 453,2214 499,2205 529,2214 547,2221 549,2221 552,2221 589,2214 632,2208 641,2214 648,2221 648,2224 651,2224 653,2224 941,2228 943,2228 1454,2214 1456,2196 1454,2148 1109,2166 1005,2166 987,2148 987,2145 984,2145 982,2145 980,2145 977,2145 975,2145 954,2164 915,2148 913,2148 911,2148 908,2148 872,2162 701,2162 681,2143 681,2141 678,2141 676,2141 674,2141 671,2141 609,2159 577,2139 575,2139 572,2139 570,2139 568,2139 515,2157 473,2136 471,2136 425,2134 400,2134 398,2134 395,2134 365,2150 181,2132 181,2171"/>
        <Baseline points="181,2171 639,2196 1456,2196"/>
        <TextEquiv conf="0.9711632629235586">
          <Unicode>Pout elame le belle norent mais anoy traie</Unicode>
        </TextEquiv>
      </TextLine>

      
      
      <TextLine id="eSc_line_34ffd45d" custom="structure {type:default;}">
        <Coords points="124,2233 121,2258 289,2260 306,2274 308,2274 310,2274 312,2274 315,2274 354,2263 407,2283 409,2283 411,2283 515,2270 554,2283 556,2283 759,2288 761,2288 763,2288 796,2277 922,2290 924,2290 1435,2274 1438,2249 1433,2210 1281,2224 1194,2212 1191,2212 980,2219 968,2210 968,2208 966,2208 964,2208 961,2208 959,2208 924,2219 878,2205 872,2203 869,2203 867,2203 846,2205 754,2217 651,2203 625,2201 623,2201 575,2203 414,2212 381,2201 365,2196 363,2196 361,2196 124,2198 124,2233"/>
        <Baseline points="124,2233 807,2260 1438,2249"/>
        <TextEquiv conf="0.9885322011652447">
          <Unicode>our fu de pentecoustes che dient ly comant</Unicode>
        </TextEquiv>
      </TextLine>

      
      
      <TextLine id="eSc_line_9488334a" custom="structure {type:default;}">
        <Coords points="135,2290 133,2318 184,2318 186,2318 211,2334 213,2334 216,2334 218,2334 220,2334 253,2320 280,2334 283,2334 285,2334 287,2334 324,2320 338,2334 338,2336 340,2336 342,2336 345,2336 483,2320 492,2320 522,2339 524,2339 526,2339 529,2339 625,2323 658,2339 660,2339 913,2343 915,2343 918,2343 920,2343 920,2341 929,2332 950,2343 952,2343 954,2343 1109,2334 1171,2346 1173,2346 1251,2329 1318,2341 1320,2341 1507,2329 1509,2302 1504,2265 1332,2277 1233,2263 1231,2263 1104,2279 704,2277 678,2260 676,2260 674,2260 671,2260 570,2272 478,2254 473,2254 471,2254 469,2254 427,2270 391,2254 388,2254 386,2254 384,2254 303,2265 276,2251 273,2251 271,2251 269,2251 266,2251 264,2251 239,2263 135,2251 135,2290"/>
        <Baseline points="135,2290 908,2313 1509,2302"/>
        <TextEquiv conf="0.9924433004288447">
          <Unicode>t poir le digne iour leur ua moult auoiant</Unicode>
        </TextEquiv>
      </TextLine>

      
      
      <TextLine id="eSc_line_6c82fe8c" custom="structure {type:default;}">
        <Coords points="144,2348 142,2375 347,2378 347,2380 358,2389 358,2392 361,2392 363,2392 365,2392 368,2392 370,2392 386,2380 388,2380 404,2392 407,2392 409,2392 411,2392 517,2382 529,2382 549,2396 552,2396 554,2396 681,2398 683,2398 754,2387 803,2401 805,2401 807,2401 924,2389 927,2389 943,2403 945,2403 947,2403 950,2403 1030,2392 1111,2405 1113,2405 1115,2405 1118,2405 1136,2394 1235,2408 1237,2408 1306,2394 1309,2375 1304,2339 1189,2339 1182,2334 1173,2325 1171,2325 1168,2325 1166,2325 1063,2332 998,2334 957,2327 908,2320 906,2320 869,2325 828,2332 807,2325 793,2318 791,2318 789,2318 786,2318 784,2318 780,2323 770,2332 683,2332 639,2318 623,2316 621,2316 618,2316 616,2316 605,2318 572,2327 559,2318 556,2313 554,2313 552,2313 549,2313 522,2316 444,2325 418,2313 414,2311 411,2311 409,2311 398,2313 340,2323 144,2306 144,2348"/>
        <Baseline points="144,2348 513,2366 1309,2375"/>
        <TextEquiv conf="0.9930573089255227">
          <Unicode>ne par mainte ꝯtree auoint a le tant</Unicode>
        </TextEquiv>
      </TextLine>

      
      
      <TextLine id="eSc_line_8f5e8726" custom="structure {type:default;}">
        <Coords points="1635,2396 1491,2387 1488,2387 1447,2394 1396,2401 1366,2392 1341,2382 1339,2382 1336,2382 1283,2389 1233,2396 1212,2387 1205,2385 1203,2385 1201,2385 1198,2385 1189,2387 1159,2396 971,2396 950,2382 945,2378 943,2378 941,2378 938,2378 936,2378 924,2380 890,2394 757,2394 660,2375 646,2373 644,2373 623,2373 460,2387 409,2369 407,2369 404,2369 402,2369 395,2369 324,2380 306,2366 303,2366 301,2366 140,2364 140,2398 138,2431 230,2451 232,2451 234,2451 296,2435 301,2435 310,2435 441,2454 444,2454 570,2442 595,2440 605,2442 644,2458 646,2458 648,2458 651,2458 694,2444 706,2442 715,2444 768,2461 770,2461 773,2461 832,2447 849,2444 862,2449 901,2463 904,2463 906,2465 1007,2465 1007,2463 1010,2463 1033,2451 1042,2447 1049,2454 1063,2465 1065,2465 1067,2465 1069,2465 1196,2456 1270,2451 1454,2451 1474,2463 1493,2472 1495,2472 1497,2472 1541,2463 1573,2458 1638,2465 1642,2431 1640,2417 1635,2396"/>
        <Baseline points="140,2398 444,2421 1049,2435 1642,2431"/>
        <TextEquiv conf="0.9638941635688146">
          <Unicode>ne Il nauairut trouut che que il aloient cachaon</Unicode>
        </TextEquiv>
      </TextLine>

      
      
      <TextLine id="eSc_line_7ef2ceaf" custom="structure {type:default;}">
        <Coords points="115,2484 209,2486 209,2488 260,2511 262,2511 335,2513 338,2513 340,2513 342,2513 363,2500 388,2513 391,2513 393,2513 395,2513 425,2500 462,2516 464,2516 582,2518 584,2518 586,2518 616,2504 713,2525 715,2525 717,2525 770,2509 830,2527 832,2527 835,2527 899,2516 1010,2534 1012,2534 1104,2523 1196,2539 1198,2539 1201,2539 1203,2539 1233,2518 1235,2518 1385,2536 1387,2536 1389,2536 1415,2525 1532,2525 1537,2495 1534,2461 931,2458 895,2440 890,2438 888,2438 885,2438 883,2438 881,2438 849,2451 722,2451 708,2433 706,2433 706,2431 704,2431 701,2431 699,2431 697,2431 692,2433 658,2447 536,2431 533,2431 480,2442 400,2424 391,2421 388,2421 368,2421 190,2433 119,2415 117,2456 115,2484"/>
        <Baseline points="117,2456 895,2500 1537,2495"/>
        <TextEquiv conf="0.9505148873380993">
          <Unicode>iru dist ln roy authone sont che chy ly enfant</Unicode>
        </TextEquiv>
      </TextLine>

      
      
      <TextLine id="eSc_line_5df0bb2c" custom="structure {type:default;}">
        <Coords points="895,2500 876,2500 805,2511 796,2500 793,2500 793,2497 791,2497 789,2497 786,2497 605,2507 497,2493 494,2493 393,2500 379,2488 379,2486 377,2486 375,2486 372,2486 370,2486 340,2500 322,2486 319,2486 317,2486 315,2486 312,2486 310,2486 292,2500 135,2479 135,2520 133,2550 179,2550 181,2550 200,2566 202,2566 204,2566 207,2566 209,2566 266,2553 301,2573 303,2573 306,2573 308,2573 310,2573 312,2573 312,2571 329,2555 372,2555 391,2555 393,2555 450,2576 453,2576 455,2576 694,2571 803,2582 805,2582 860,2571 945,2587 947,2587 950,2587 952,2587 966,2573 996,2589 998,2589 1000,2589 1092,2571 1132,2589 1134,2589 1136,2589 1138,2589 1175,2576 1219,2594 1221,2594 1224,2596 1263,2596 1263,2594 1265,2594 1267,2594 1267,2592 1288,2576 1497,2578 1502,2548 1497,2509 1323,2518 1233,2504 1231,2504 1228,2504 1226,2504 1201,2520 1088,2502 1086,2502 1083,2502 1056,2516 982,2504 980,2504 977,2504 947,2513 904,2500 895,2500"/>
        <Baseline points="135,2520 883,2555 1502,2548"/>
        <TextEquiv conf="0.9694366767292931">
          <Unicode>lame le eointrise qui chy noꝰ uout seruaut</Unicode>
        </TextEquiv>
      </TextLine>

      
      
      <TextLine id="eSc_line_96faf23e" custom="structure {type:default;}">
        <Coords points="167,2576 165,2603 289,2608 303,2622 306,2622 308,2622 310,2622 352,2612 358,2622 361,2622 361,2624 363,2624 365,2624 368,2624 467,2615 717,2633 720,2633 722,2633 752,2622 895,2638 897,2638 1049,2631 1065,2642 1067,2642 1069,2642 1072,2642 1074,2642 1118,2631 1267,2647 1270,2647 1334,2633 1336,2615 1336,2580 167,2543 167,2576"/>
        <Baseline points="167,2576 531,2601 1336,2615"/>
        <TextEquiv conf="0.9861584917495125">
          <Unicode>nunt de peute couste a sen diner seant</Unicode>
        </TextEquiv>
      </TextLine>

      
      
      <TextLine id="eSc_line_f9dfd78d" custom="structure {type:default;}">
        <Coords points="186,2638 184,2661 361,2679 363,2679 536,2672 554,2691 554,2693 556,2693 559,2693 561,2693 639,2686 729,2702 731,2702 959,2686 1074,2711 1076,2711 1148,2702 1208,2714 1210,2714 1212,2714 1214,2714 1214,2711 1231,2695 1329,2691 1332,2674 1332,2635 186,2599 186,2638"/>
        <Baseline points="186,2638 639,2668 1332,2674"/>
        <TextEquiv conf="0.9640585289281958">
          <Unicode>aporter le brach elame le quaisant</Unicode>
        </TextEquiv>
      </TextLine>

      
      
      <TextLine id="eSc_line_b54f47b9" custom="structure {type:default;}">
        <Coords points="170,2697 167,2734 260,2750 262,2750 264,2750 289,2737 294,2737 368,2737 375,2739 398,2748 400,2748 402,2748 448,2741 457,2739 460,2741 478,2755 480,2755 483,2755 485,2755 549,2746 710,2760 713,2760 987,2750 1067,2766 1069,2766 1143,2755 1180,2769 1182,2769 1184,2769 1256,2757 1323,2771 1325,2771 1327,2771 1369,2755 1371,2734 1366,2681 1272,2700 1254,2681 1254,2679 1251,2679 1249,2679 1247,2679 1244,2679 1242,2679 1219,2697 1148,2684 1145,2684 1040,2695 987,2679 984,2679 982,2679 980,2679 931,2693 908,2674 906,2674 904,2674 901,2674 828,2691 708,2691 497,2663 483,2663 480,2663 478,2663 476,2663 441,2681 407,2663 404,2663 402,2663 317,2672 271,2661 269,2661 266,2661 264,2661 262,2661 246,2672 232,2661 232,2658 230,2658 227,2658 170,2658 170,2697"/>
        <Baseline points="170,2697 570,2730 1371,2734"/>
        <TextEquiv conf="0.997504229608335">
          <Unicode>urissie ly bailla a tout le uermansant</Unicode>
        </TextEquiv>
      </TextLine>

      
      
      <TextLine id="eSc_line_0b44410e" custom="structure {type:default;}">
        <Coords points="1744,2764 1645,2766 1631,2760 1606,2743 1603,2743 1601,2743 1599,2743 1596,2743 1553,2757 1530,2764 1458,2755 1433,2753 1431,2753 1412,2755 1346,2762 1323,2750 1295,2739 1293,2739 1290,2739 1288,2739 1258,2750 1228,2760 1184,2748 1152,2739 1150,2739 1148,2739 1145,2739 1143,2739 1134,2746 1118,2760 1074,2760 991,2743 943,2734 941,2734 938,2734 918,2741 881,2753 697,2753 655,2737 653,2737 651,2737 579,2748 561,2734 559,2734 556,2734 554,2734 552,2734 503,2746 478,2730 473,2725 471,2725 469,2725 133,2720 133,2760 133,2815 177,2799 260,2799 467,2817 531,2822 727,2824 729,2824 766,2817 814,2810 851,2819 865,2822 867,2822 869,2822 872,2822 881,2819 908,2810 964,2819 1010,2826 1012,2826 1046,2819 1072,2815 1081,2819 1104,2831 1106,2831 1109,2831 1111,2831 1113,2831 1129,2819 1136,2815 1143,2819 1152,2829 1155,2829 1157,2829 1159,2829 1219,2819 1247,2817 1251,2819 1270,2833 1272,2833 1274,2833 1343,2835 1346,2835 1417,2822 1431,2819 1445,2822 1520,2835 1523,2835 1525,2835 1527,2835 1543,2822 1546,2822 1612,2840 1615,2840 1617,2840 1748,2822 1751,2796 1748,2769 1744,2764"/>
        <Baseline points="133,2760 747,2794 1751,2796"/>
        <TextEquiv conf="0.9817433166503906">
          <Unicode>ora du cofin le saque moult son us uout meruillant</Unicode>
        </TextEquiv>
      </TextLine>

      
      
      <TextLine id="eSc_line_ab6d6a43" custom="structure {type:default;}">
        <Coords points="121,2826 119,2858 379,2861 379,2863 388,2875 391,2875 391,2877 393,2877 395,2877 398,2877 457,2868 473,2879 476,2879 478,2879 480,2879 483,2879 506,2870 570,2891 572,2891 575,2891 678,2884 701,2895 704,2895 706,2895 708,2895 777,2875 853,2898 855,2898 858,2898 860,2898 901,2881 980,2881 991,2891 991,2893 994,2893 996,2893 998,2893 1000,2893 1028,2881 1060,2895 1063,2895 1065,2898 1065,2895 1067,2895 1102,2881 1182,2902 1184,2902 1187,2902 1283,2884 1394,2907 1396,2909 1488,2909 1488,2907 1491,2907 1493,2907 1534,2879 1537,2858 1534,2812 1286,2826 1166,2810 1164,2810 899,2819 878,2803 878,2801 876,2801 874,2801 872,2801 869,2801 862,2803 816,2819 768,2801 761,2799 759,2799 757,2799 754,2799 743,2801 683,2817 662,2801 662,2799 660,2799 658,2799 655,2799 653,2799 651,2799 618,2817 533,2817 483,2801 480,2801 478,2801 476,2801 432,2812 377,2796 361,2792 358,2792 356,2792 121,2792 121,2826"/>
        <Baseline points="121,2826 630,2856 1537,2858"/>
        <TextEquiv conf="0.9790940297974481">
          <Unicode>ar oussy nouuelle fu che trouuous nous lisant</Unicode>
        </TextEquiv>
      </TextLine>

      
      
      <TextLine id="eSc_line_9fc8a5ff" custom="structure {type:default;}">
        <Coords points="151,2884 149,2914 246,2911 287,2921 345,2932 347,2932 349,2932 352,2932 352,2930 363,2921 368,2916 381,2921 407,2930 409,2930 411,2930 414,2930 434,2923 453,2916 467,2923 485,2932 487,2932 897,2948 899,2948 901,2948 934,2934 954,2948 957,2948 959,2948 961,2948 1293,2937 1295,2916 1293,2875 1189,2884 1088,2870 1086,2870 1083,2870 1053,2884 1007,2868 1005,2868 1003,2868 1000,2868 964,2881 920,2865 918,2865 915,2865 913,2865 874,2879 577,2872 543,2854 540,2854 538,2854 536,2854 492,2868 294,2865 276,2849 276,2847 273,2847 271,2847 151,2845 151,2884"/>
        <Baseline points="151,2884 708,2916 1295,2916"/>
        <TextEquiv conf="0.9789090439677238">
          <Unicode>ne le qaut pour uray con ly a la luerant</Unicode>
        </TextEquiv>
      </TextLine>

      
      
      <TextLine id="eSc_line_dcecfe80" custom="structure {type:default;}">
        <Coords points="1224,2918 1221,2918 1212,2918 1189,2918 1166,2918 1143,2918 1120,2918 1099,2918 1097,2918 991,2934 957,2921 954,2921 952,2921 950,2921 924,2932 708,2932 678,2918 676,2918 674,2918 572,2927 515,2907 513,2907 510,2907 508,2907 402,2923 340,2923 322,2907 322,2904 319,2904 317,2904 156,2902 156,2939 154,2978 179,2987 181,2987 184,2987 186,2987 188,2987 188,2985 197,2976 202,2973 276,2973 285,2978 310,2994 312,2994 315,2994 317,2994 319,2994 370,2978 381,2976 388,2978 418,2994 421,2994 423,2994 529,2987 563,3001 566,3001 706,3003 708,3006 892,3006 892,3003 895,3003 897,3003 927,2985 929,2985 1005,3008 1007,3008 1010,3008 1102,2987 1104,2987 1129,3006 1132,3006 1134,3006 1136,3006 1138,3006 1203,2989 1346,3001 1348,3001 1408,2989 1410,2962 1405,2921 1242,2934 1226,2921 1226,2918 1224,2918"/>
        <Baseline points="156,2939 750,2973 1410,2962"/>
        <TextEquiv conf="0.9686990394824888">
          <Unicode> le chite d. lonpre ou le mer est briuant</Unicode>
        </TextEquiv>
      </TextLine>

      
      
      <TextLine id="eSc_line_3bd5fa1a" custom="structure {type:default;}">
        <Coords points="170,3006 167,3038 752,3058 754,3061 982,3061 982,3058 984,3058 1035,3042 1037,3042 1097,3061 1099,3061 1102,3061 1382,3042 1385,3022 1375,2978 1329,2996 1212,2996 1173,2978 1171,2978 1168,2978 1166,2978 1109,2994 1063,2976 1060,2976 1058,2976 1056,2976 996,2994 754,2994 623,2980 621,2980 563,2989 538,2973 536,2973 533,2973 531,2973 529,2973 492,2989 476,2976 476,2973 473,2973 471,2973 170,2971 170,3006"/>
        <Baseline points="170,3006 655,3031 1385,3022"/>
        <TextEquiv conf="0.9940893247723579">
          <Unicode>le chite de lonsre ou le mer est uriuant</Unicode>
        </TextEquiv>
      </TextLine>

      
      
      <TextLine id="eSc_line_849c436a" custom="structure {type:default;}">
        <Coords points="483,3022 471,3033 462,3040 444,3033 409,3022 407,3022 404,3022 402,3022 379,3033 365,3040 333,3033 294,3026 292,3026 253,3033 234,3038 225,3033 200,3022 197,3022 195,3022 133,3033 133,3068 131,3098 278,3093 294,3102 306,3109 308,3109 310,3109 312,3109 356,3102 379,3098 398,3102 434,3111 437,3111 439,3111 441,3111 444,3111 457,3102 469,3095 540,3102 664,3114 667,3114 738,3102 768,3098 777,3102 807,3116 809,3116 812,3116 964,3102 977,3102 982,3102 1042,3118 1044,3118 1046,3118 1244,3102 1265,3102 1270,3102 1311,3121 1313,3121 1316,3121 1318,3121 1371,3104 1495,3104 1497,3061 1493,3031 1316,3042 1277,3031 1270,3029 1267,3029 1265,3029 1263,3029 1256,3031 1224,3040 1164,3031 1157,3031 1155,3031 1152,3031 1150,3031 1125,3047 1042,3031 1035,3031 1033,3031 1030,3031 1026,3031 975,3045 515,3042 508,3033 497,3024 497,3022 483,3022"/>
        <Baseline points="133,3068 947,3086 1233,3081 1497,3061"/>
        <TextEquiv conf="0.9897092420880388">
          <Unicode>dant le roy authoure ua le brac Regardont</Unicode>
        </TextEquiv>
      </TextLine>

      
      
      <TextLine id="eSc_line_7b7436d8" custom="structure {type:default;}">
        <Coords points="128,3134 126,3173 223,3171 234,3176 266,3199 269,3199 271,3199 273,3199 276,3199 331,3183 386,3201 388,3201 391,3203 508,3203 508,3201 510,3201 513,3201 513,3199 522,3190 543,3201 545,3201 547,3201 664,3176 681,3173 738,3173 740,3176 796,3203 798,3203 980,3206 982,3206 984,3206 1076,3176 1134,3192 1136,3192 1138,3192 1141,3192 1143,3192 1166,3176 1196,3190 1198,3190 1201,3190 1203,3190 1226,3178 1237,3190 1237,3192 1240,3192 1242,3192 1244,3192 1247,3192 1300,3176 1352,3187 1355,3187 1357,3187 1408,3173 1410,3134 1405,3091 1327,3104 1224,3091 1221,3091 1129,3109 1058,3093 1056,3093 971,3109 784,3109 773,3098 773,3095 770,3095 768,3095 766,3095 763,3095 761,3095 745,3109 575,3109 526,3086 524,3086 522,3086 520,3086 517,3086 515,3086 494,3098 460,3086 457,3086 455,3086 453,3086 450,3086 448,3086 421,3107 255,3107 236,3088 236,3086 234,3086 232,3086 128,3086 128,3134"/>
        <Baseline points="128,3134 934,3148 1410,3134"/>
        <TextEquiv conf="0.9528352487378005">
          <Unicode>t le main et les dois qui y furent touant</Unicode>
        </TextEquiv>
      </TextLine>

      
    </TextRegion>
    
    <TextRegion id="eSc_textblock_313e277f"  custom="structure {type:text;}">
      <Coords points="1537,754 1661,754 1688,844 1516,880 1497,781 1537,754"/>
      
      
      <TextLine id="eSc_line_fc777a9c" custom="structure {type:default;}">
        <Coords points="1661,818 1514,816 1514,846 1514,885 1665,873 1665,846 1665,841 1661,818"/>
        <Baseline points="1514,846 1665,846"/>
        <TextEquiv conf="0.9982577761014303">
          <Unicode>174</Unicode>
        </TextEquiv>
      </TextLine>

      
    </TextRegion>
    

    
  </Page>
</PcGts>
