3104 4140
1463 623 2542 768 el les y conduit qui tant et denfient
1456 719 2595 837 Pesy iuquel au los ne fst arrestement
1451 779 2873 915 de pauillen demande dei poy que tant deppait
1442 850 2505 959 Et on ly eiseigra le rus abel dessent
1433 915 2687 1028 yatpoune heury ⁊ authome eusement
1458 977 2641 1076 Rt amory destoche ai fiercontenement
1440 1035 2952 1159 Et pluseurs hauxo uirous que dieug ama ferurent
1421 1117 2774 1212 qbel parla en hault sy que cascun lentent
1382 1179 2968 1274 Et dist Rois dendle torbe enteng mon parlement
1421 1242 2947 1340 Rois Robastre mes oucles quitient le cassement
1405 1306 2519 1386 de .xuii roiames a il gouurlinemelt
1415 1354 2692 1442 Cie ly au enuoiet dedens son casfement
1410 1409 2791 1511 Uug de tes missagiers qui moult a deusient
1412 1483 2922 1580 l ꝙ uous Rois mesaucles que manda a segent
1382 1545 2896 1639 Ere uien fust conuoies sans nul eupe chement
1403 1605 2749 1695 Et il le uaurent mettre i fin ⁊a tourment
1440 1669 2977 1775 est Pas le fait mon oucle I ne scauoit uoient
1525 1724 2853 1814 uen uoeult pas le grasse auoir millement
1389 1777 2843 1883 Eui soit faux ne traitres ⁊ pour che ce pũt̾
1417 1842 2855 1934 es Relons mourde rens qui sans cõmandement
1417 1892 2942 1996 uoioient tou mesfuder ochis agrant tourment
1410 1952 2634 2042 Delis chy ie les may aton cõmaadement
1396 2010 2719 2099 Dochire et detrenchier cõme leron paileut
1419 2070 2910 2166 Et enfait fay cel iustielie quilte uintritalent
1431 2132 2876 2235 dt quant sy le roy heuyy cille paroit entent
1387 2196 2712 2297 Rot Robastre prisa en son cuer grandement
1486 2260 2726 2343 uant le aoydengaterre acutendu abee
1491 2320 2606 2408 Se ly a respardu a lon de damoisel
1403 2375 2800 2477 issays Rales uous ent et o uous uo bendel
1408 2454 2894 2573 ons tenens uo seigneurtant quen cle faitioiel
1412 2523 1461 2580 le
1511 2520 2699 2624 uolons de uogent ainsy faire maisel
1398 2562 2894 2679 heux que nous ochidons Ie uous dy sans Rapel
1375 2622 2740 2732 Qu. se pout couqueste au brac etan conltel
1382 2670 2758 2789 n coulatant cho hors par desus che praiet
1355 2734 2885 2849 tu tout uaus en crctous che fait et chelapel
1364 2778 1916 2863 demuni le maci
1935 2817 2772 2914 uerons nous le plis bei
1332 2840 2655 2962 dont prins congieclꝵy se mouta omorel
1325 2893 2666 3017 Ouaues ne saresta na plonque na poutt
1316 2957 2929 3100 Tautuie uiue a uourdiano ou palas ache sul
