3104 4140
1447 618 1530 740 51
85 717 1550 830 Iy papes su apiet saint pere hault ostrie
89 793 1277 899 rois leurilz se peuoit qui ly fist air
87 869 1465 965 mes butor se deffeut cos asarasin rie
98 940 1700 1039 Prendes moy che dlonton seigneur ie uh en prit
96 1009 1610 1108 Lar chest ly dieux en terre de le gent baptisie
85 1083 1647 1186 Dont lassalent paien que ly corps dier mandie
80 1159 1518 1260 nos leury deugletebre a le parse partie
87 1230 1428 1331 dar deuers lapostole a faite cele enbaie
103 1313 1378 1416 ut sarasin abat ⁊ defrousse et detre
89 1393 1447 1483 Engu iere crioit he uoune gent hardie
92 1460 1426 1568 gecoures lapostele sy quil ne miuurre muie
96 1536 1272 1637 a puissies ueoir telle carpenterie
82 1612 1401 1720 Sy grant occisien ⁊ sy grande suerie
89 1678 1440 1805 Conques mais iel pite ne fu ie croy coisie
131 1759 1366 1867 a ly bataille estoit atous les sy fiermne
121 1835 1389 1941 uelle duroit de tour une lieue se deuue
128 1899 1364 2028 e sont noggent enclos in lascune partie
85 1971 1647 2104 lli auoit cant dea sant doel et granc haq̾eze
177 2070 1748 2168 eigueurs par deuant rõme grant doleur yauoit
117 2136 1525 2249 Entreux que la pestole de hore se cenbatoit
85 2221 1369 2318 Iar il estoir aput ou ihũs Reclamoit
85 2293 1530 2394 Et le baron saant pere en qui moult se fioit
105 2362 1583 2474 t ly bons rois heuris moult hault lh estrioit
78 2435 1700 2557 Lor uous tenes sains Perel ou peurple maledit
87 2520 1357 2612 Lar ie uous ayderay a forche ⁊ a esplort
89 2587 1633 2684 Dont y fiert de le hache que durement trenchoit
158 2668 1410 2764 natait sarazin que parmy ne caupoit
124 2640 135 2730 ¶
108 2743 1389 2835 y Riches rois butor que ermeme dioit
105 2799 1486 2902 Uour che qui fu naures gbare ne pooit
170 2861 1382 2987 le gent sarasin bien targier se faisoit
223 2953 1629 3088 de se gent cõbatre aussy les tangõnoir
