3104 4140
1537 726 1702 857 1112
200 832 1670 956 unnt ly rois constons ay ly fist enclinee
174 908 1458 1005 genoux se ieta saus nulle demourer
165 947 1532 1060 t ꝙpapes gentieux aqui hõneur agre
161 998 1647 1124 e leila doucle mesit Auis point de laresser
352 1062 1541 1161 entieux apestoles le Roy conssant leua
193 1099 1642 1230 De dieu et de se mere ie ueguy et seigna
200 1168 1477 1278 puie ismellement ly qris et deyansa
211 1228 1339 1336 quel terre uenuoit etastans dit ly a
151 1338 186 1412 ¶
218 1281 1442 1400 samaperes benoia ⁊ on le uoꝰ dra
161 1327 1619 1462 ouuebles uous diran que uienie uoꝰ plaira
158 1405 1224 1520 drise est ihru le chite pardela
144 1449 1389 1570 Roy henris et authome ou bous chlrea
151 1554 471 1630 dut prise
554 1513 1233 1603 chite ou on lclefia
149 1570 1546 1681 e fil de dieude pere que le monde sauua
140 1628 1359 1741 are qou ay ueu les dras quil endossa
246 1660 1518 1800 an ueu le trois que ly sien corpelpporta
165 1715 1516 1858 ur le mout de caluaire ou ou le trauilla
368 1777 1474 1908 uen les clarx dont on le clansia
273 1839 1617 1954 sauisme lauche dont le mort endiera
531 1895 1520 2000 u sanc qui de sen cdepartua
232 1945 1608 2065 uir du ue medyquant longieux le frapa
161 1994 1601 2122 euant ly gaper lentent a qute enploira
354 2063 1578 2164 uoi roy coustant doul cheuuentacol
296 2118 1514 2233 drpa tont enuiron h papee ly baisa
167 2178 1350 2272 dius lya demande quelle part il pra
167 2249 1263 2339 et pour quoy lexpais de suru laissa
255 2283 1599 2389 y uous ꝑapes climns qui paiet ot seignoure
200 2309 1829 2454 ¶y deuande a coustant qui ert de grant lignie
179 2408 904 2500 doi quoyauoit laissie
1037 2392 1458 2454 bege surir
184 2428 1661 2562 Samo Peres dist constans qui proesse maistri
271 2504 1472 2603 e leuous ediran par me che uallerie
248 2546 1555 2649 suy prie dum granen en ycelle parti
250 2608 1412 2709 de die touoit ⁊ le chite de claudie
200 2658 1566 2755 me slle auoit moult belle et bienaprise
179 2714 1569 2810 laisemuichͤ auoit tinon poir uan le uoꝰ afie
246 2771 1421 2856 Le seruoit dieuet le uurgemare
195 2810 1555 2914 dar amoure men ama et me sauua le uie
186 2858 1481 2966 tes en l le sui en fu de le terrecachie
223 2923 1311 3019 echa mer afuy dedeui une galis
195 2983 1389 3072 e stay ou ahina se dieux me beuair
250 3022 1325 3125 estoit tante enchainti d moys̾ ie
1359 2994 1562 3077 Uoꝰ su
204 3063 1578 3203 eudiir uoy le Raine qui tant estaeusi
