3104 4140
1212 696 2459 793 Ains adit coiement que nus ne lescoicta
1201 768 2404 864 Gelle puent esploitier le saiel auera
1210 830 2487 924 Clas elle dist uoir sy cou on uous dira
1208 892 2406 984 Tel pite en uͣmi alondres par dela
1210 952 2593 1046 Euelaine de le oie tel paine en endura
1205 1016 2733 1097 Conques mais gentieux fame ou sirle yr penna
1212 1090 2687 1159 Qui tant eust de paine que le dame euporta
1210 1136 2742 1223 Eusy que Ie dray quant ly pous poins ensera
1318 1193 3021 1294 uant heuris hontes dengleterra ot ses geus assambles
1281 1253 2763 1336 mouit furent grant cõpagne de chlr̃s meubre
1217 1304 2678 1393 Et daultre part a piet y ãroit grant plentes
1208 1361 2579 1451 Et archies grant fuison que estoient moutes
1219 1403 2678 1506 Pascuns fu de bien faire moult bien entaientes
1203 1474 2602 1563 Iy rois Regarde clame que taut ot de biante
1205 1527 2708 1619 qui auoit trestous planz lel flans et les cotesz
1191 1586 2699 1681 Moult grant iout en demaine sachies en uerite
1189 1646 2602 1750 Pour lamour quot a luy ne pot estre siseures
1201 1706 2731 1816 Mais anchois que ly aus soyt tout oultre pases
1189 1768 2756 1879 Grra ly gaitiem Rois mout forment tourmentes
1210 1839 2369 1938 qusy que le cautlpon yssi aprrs ores
1203 1885 2609 2010 Ung pranitre ua mauler qui fu sacesz asses
1194 1959 2439 2070 Quant il fu deuant ly sy a dit entendes
1198 2017 2747 2136 Or me dy parta foi foy ne me soit pas celes
1198 2095 2358 2196 que saroid tu fare par sures amistes
1196 2136 2634 2256 une ymage que fust et lde uouche et de neir
1201 2203 2556 2320 De uis et de corage de flais flans et de costeir
1194 2277 2468 2375 due Resamblast me famne elame que uees
1184 2341 2287 2435 Ge fare le scauelz le iut en uerite
1184 2375 2630 2500 Tant dauoir de te deuray que tu mensarasgee
1201 2433 2611 2564 Quant ly paintres lentent sy est auant passes
1196 2507 2321 2617 Et ly aresppondie sire se uous uolesz
1196 2566 2517 2686 Tout ereant le feray sy que le cõmarides
1194 2638 2510 2737 Auul che dist ly rois que heuris fu nõmel
1198 2691 2811 2799 Ir prendes me grant targe a uoent uansle portelz
1178 2764 2337 2858 in ymages y faites se fare le scauen
1184 2824 2473 2911 En bataille laray couspours en mes aes
1178 2881 2434 2966 Oun seray plus hrdis ⁊ nieus entalentet̃
1184 2925 2570 3024 de coubatre es pars que sont feiz et deuers
1164 2978 2462 3093 Pont lamour de manne outant a d biantes
