3104 4140
1260 890 2535 998 quia Rrointepar miracle er cõmonche la uie
1274 961 2441 1058 Des pamnes ale xts qui tant souffon hasquit
1396 1021 2501 1113 oult souffry a lexis de duree cpouretes
1265 1060 2574 1173 ¶aie uoult pas faire a son corps fes uolentes
1339 1136 2526 1223 ant pisra ly sama hons qui fu descoulomeũ
1318 1184 2485 1276 Rui sambloit ton leuist hprs de terre iette
1288 1239 2556 1315 qe nauoit char ne sant se auoult ppetit non
1272 1290 2434 1380 pour dieu sonstrer assendeperseaction
1293 1340 2498 1428 pu ly cõnoit souuent des aumosie. foii oy
1316 1403 2547 1483 ais ql ae pensoit pas a faire garnson
1336 1451 2600 1540 ii soir pour le matu ne uolt il giens potruir
1380 1508 2422 1591 Remauant aloit as aultres de partir
1327 1552 2733 1653 l nen Reteuoit Rixnafors pour luy artatrr sonsaur
1327 1616 2478 1718 diz pere le faisoit poe maint ⁊pais quort
1394 1662 2726 1764 es messaiges au conte par maint pais alerent
1412 1706 2745 1828 plus de l. estoient qui moult foit se penerent
1364 1764 2770 1879 e Rouuer a lexis tant que deux sen entrerent
1451 1833 2510 1952 sal la cite cout partont Regarderent
1352 1911 2409 1987 rouuerent alexir̾ a lostil dien scaint
1339 1948 2814 2046 utre ues aubres pouree ua lausmoue atendant
1318 2007 2625 2095 amais ne lainsaisent en ta point ly sergent
1352 2060 2646 2145 ai mus estoit ẽt magres ⁊ coures patsant
1336 2097 2942 2212 y sains homs les cõgunt rantost cantost queil lus uit
1320 2173 2581 2265 Doclchement Reclanta ly cresdonto qhũcrist
1334 2221 2692 2323 eue cõuoistre ne lepuissent or entendes quilfist
1327 2281 2519 2380 messaiel sen pere leur aumosue requi
1334 2318 2630 2442 ar ne ly escourent ly courtois mossaiggie
1327 2373 2740 2504 e R guerent partout par uille et par monstier
1339 2442 2623 2564 uait a lexix bes fuit mes ne sy est mesier
1320 2518 2498 2617 De fiurcarqamai ne lenssent cuidiet
1362 2580 2632 2677 na lex leurseigneur fuist sy fais deuencis
1341 2633 2611 2741 becr estel se se sout poiadisner enbatus
1387 2697 2570 2803 sains hous ale porte de lostel ost uemes
1357 2764 2533 2858 ne bien a les messaiges ois et entendui̾
1359 2831 2450 2923 ne moult fort a leur hoste ꝯtoient
1318 2898 2634 2996 p̃ment le flo cme otemiieux que roient
1366 2969 2611 3042 t dosocrut ansy que couteͬr ie poroient
1385 2994 2903 3104 grant pooul que le pere et le morefaisoient
1313 3058 2560 3190 sdie gentis pncelle car ly fist usponser
