3104 4140
1254 901 2137 995 Illa uiergene sont aparii
1228 977 2337 1046 fors same thumas chieux emaia
1417 1030 2225 1113 ude le maiout prechoit
1258 1076 2050 1159 le ou le peuple dotrinoit
1258 1133 2156 1209 plue que ler aultres dmoura
1240 1191 2137 1253 puet uinit Il sy ꝯ uous dira
1242 1278 2034 1366 Euias apostles de renon
1295 1237 2225 1322 ais ore de saint Ieham deron
1300 1345 2057 1416 en ala poier eux salnor
1341 1393 2245 1467 pour enquerueetdemander
1272 1442 2096 1515 out Il uenoient ensement
1251 1488 2206 1573 l Respondirent humblement
1293 1538 2337 1623 n quel ueu sastoms diane estoit
1270 1593 2289 1683 u le s looy de Siru qde prẽchoit
1279 1695 2365 1780 our lantoil de dieu quilseruoient
1357 1655 2107 1731 eudeĩment le monstroit
1277 1754 2225 1828 y apostole moult sen maioient
1254 1803 2321 1883 Quant tout en samele se trouubrent
1219 1849 2149 1938 ne ensement qui leũ assambla
1350 1904 2271 1987 pbuer quon furent l endroit
1313 1950 2501 2046 la uiergene uint ayaux uriefment
1256 2058 2238 2155 our quoy ilent uenuestoient
1428 2014 2103 2097 eier des raison ꝯmenl
1237 2125 2211 2217 ien uãt quil sen esbahisoient
1270 2178 2225 2270 ĩgneut dist elle Ie uous dy
1244 2235 2319 2329 nen fil mop mon pere ⁊ mon ancy
1251 2290 2245 2382 ieult que uous me tenes apaiguy
1336 2343 2059 2426 coute le fin d ma uie
1251 2387 2183 2481 doie chou uour achn a sain ble
1267 2444 2052 2520 arpriet lyay et erane
1233 2497 2160 2587 lors les ꝯmencha a preschier
1359 2562 2063 2649 e lerr dist sans detrier
1228 2615 2100 2700 ny liuy coubtanchie paies
1235 2670 2337 2757 Lar ie ueul uien que uous scachiens
1226 2723 2231 2803 e dens en iours Ie uous loneray
1226 2819 2008 2921 euant ly aposcle lont oy
1419 2783 2038 2863 che siecle partiran
1168 2877 2126 2985 On en out fuit chiere esbagie
1224 2934 2280 3038 ar caistuns formont se doubtout
1182 2987 2057 3093 Se la uiergene fiure estoit
1231 3052 2335 3141 tue dienx ne les ueulle guerpir
1217 3111 2234 3194 e plini ner leu uerille chei
1198 3150 2287 3291 Al dont furent en grant frichon
