3104 4140
1426 890 2963 1028 rõment Iaray baptesme end ounonde ihut
1543 984 2745 1081 uoue aies moullier ne faites celison
1396 1028 2929 1161 Iar pas ne ueultort faire dame de son baroni
1366 1092 2873 1237 Mes se dame naues prier uous uiroit on
1433 1150 2248 1253 euamoy uaussisiei mettre
1362 1209 1405 1283 4
1417 1202 2772 1308 rquoy deluiree soie deleieste malion
2457 1193 2549 1258 ret
1438 1265 2959 1375 et auant coustant lencent sele uit most auen
1428 1327 2772 1419 ome dest ly roit bien entende uo raison
1541 1386 2756 1467 ons Iure sur dieu et sur se nassier
1396 1437 3000 1527 Ruanis ame nespousay foy que doy saintsimoi
1357 1492 2926 1589 Mes tant uoy uo corpu uel et de gente fachon
1428 1550 2823 1646 eue se uous me uoles delurir e prison
1435 1612 2544 1704 e uous espouseran sans nulariest
2784 1649 2853 1734 le
1318 1655 2804 1757 he teures de boindians le uilles Ropn
1415 1724 2961 1819 se dieux che dist p aisanche sen ay denocion
1392 1780 2544 1874 ꝑr uorayge Peuser ano saluasion
1385 1839 2873 1938 donques print le roy uien tost parle guron
1417 1904 2843 2003 en le cambre le maine par de sont un lezon
1334 1966 2738 2065 Se sont au doy assis Recordait leur liehon
1410 2023 2618 2113 uis que puistans fesist de la partison
1382 2079 2627 2166 ait de le coine sen talent et sen bon
1405 2141 2606 2221 Y Rois estoit ales caclier le uenison
1415 2194 2906 2304 t se fame plasanche qui tant ot bel menton
1392 2256 2827 2355 Et qui plus blaiche estoit que lame ne coton
1348 2318 2724 2403 quoit fait sen aunt de coustant le baron
1380 2375 2887 2474 ug mois furent ainsy que chy dit uousaon
1364 2447 2715 2539 les Il ament souuent en maicte Regron
1392 2507 2830 2594 aut ua ly pos aliane que brisier le uoiton
1518 2562 3023 2658 ⁊ sy dedens le cambre ly bous rois d boursian
1398 2626 2876 2716 Deuant Ihrli fu heieril ly louur t ãthom̃
1408 2681 2864 2778 hil de Ihlllin beur font fouuent deubiaux
2678 2672 3009 2764 ouorris li bia
1323 2725 3021 2847 Et Raient despringallee Benchiens mõgoinans
1318 2789 3023 2909 En leur garde sypres et planques et poͬnehiat
1304 2858 3023 2960 Ome dedeus be chpte nontrast pa unr crmapo angiai
1300 2921 2850 3012 eurement auoit fait roiheurs ly coigiams
1348 2976 2991 3081 tur mais ne retour neroit fast ly rans froit saiys
1304 3031 2855 3116 Saroit prise le uille et les nobles murraux
1352 3079 2896 3173 du ly douls Ihũcrist en dura moult de mauyo
1352 3130 2673 3206 ou ioendy macin ꝑ fu grans to aissaips
1366 3183 2678 3279 dure pur apour me adure e encatie
