3104 4140
1426 892 2724 1002 t iure abõmet En qui du tout se fie
1334 956 2558 1051 uauenc lun couchera en ycede muitie
1366 1011 2733 1101 Ie dieuo que laboie fu de suir durechi
1346 1067 2687 1159 Onquis mais miledame ne fu sy esmraru
1415 1120 2738 1230 õmi Iu le romne dont ie uous seuefie
1366 1163 2572 1285 Menous se seta le croine agensu
1352 1230 2678 1340 Etr dist un orion que uous sera nũch
1382 1297 2979 1409 deres des chieux dist ele qui abtiembailie
2682 1267 2818 1368 Idut
1875 1366 2846 1465 crnbras en le uiergemane
1375 1435 2662 1534 io mois entie su de ten corpl Remplie
1382 1497 2965 1589 Et fu cambie ⁊ Sortoirs et palaisqe e flainhu
1410 1563 2745 1644 ⁊emples digues Romups et sainte ke soou
1415 1609 2613 1701 ⁊ ly arch  q oisans et ly sainte namr
1389 1667 2724 1773 fue mena ihũs pour humaine licnie
1396 1724 2687 1821 uriua atel port dont ql pardy la uie
1394 1784 2636 1876 Lar iudasr le uendypar se lozengerie
2754 1819 2788 1879 1
1375 1839 2896 1950 yr pieches dargent ensprist de une fu Igñt
1346 1899 2949 2014 e lasu meult plandargent dune ꝑhseiggnourie
1511 1971 2933 2079 uaisant elger celyura bien he tachartaiet
1373 2028 2988 2127 euant chieux qui ce uaisa tauoitta morcugie
1348 2093 2600 2168 Miour du ueuredy sy can listone crir
1318 2136 2993 2235 dortas dessous concorpa une grant crois uastir
1362 2196 2728 2293 Et la ce courõnerent quis par mequene
1412 2251 3007 2359 espines fort poignant faisant gant seignourie
1378 2313 2703 2405 Derg ge mere esgardas ale destre parne
1433 2362 2643 2463 treme lapelas quelle fust adrechie
1355 2408 2804 2527 Non pour quant dist una sains ⁊ se la certefie
1357 2481 2540 2587 Ion ne set esperer en le thedlogie
1364 2532 2832 2649 ẜques dt peus de maus ⁊ paine Resoignie
1352 2599 2710 2707 Ou toy qui fueferus por cuer deres le fu᷑
1359 2663 2570 2757 Pu te mere qui su gle crois courechiẽ
1486 2697 2919 2810 ceurment y senty che tesmeigne clergẽ
1491 2757 2643 2861 mort peist auoir assie fu alegie
1426 2806 2827 2930 arta char suadout uatue et laidengiẽ
1371 2872 2742 2980 lboire de manda ꝯle malle maisme
1371 2921 2682 3022 ꝑr ceporterent chilassil parselonme
1357 2973 2959 3084 Mais sur sy fait uizaige nauoues milcemie
1435 3029 2673 3127 ar cuaudier sott der qaimame ligme
1332 3063 2837 3176 faca ces hors denser cele maison poure
1405 3123 2820 3222 doir ta mort ihũcrisi qui a coy fu baillie
1352 3180 2669 3284 Ren desie au deuaus soie clarse it ui
