3104 4140
1571 591 1665 699 16
253 685 1557 793 Pedens ung brach de merest entree en cantel
257 740 1631 853 Iusquẽ laue de chune sen ua sans baquetel
262 775 1879 917 grois Iours fu sur le planque aie ne mẽta morsel
241 841 1767 970 Ttaut flota que sur chine ꝑchut le noef castet
273 903 1654 1025 eplanque ua a Rine par deles ung Raĩsel
253 959 1520 1083 ar le meracle diei qui uit le ceur loiel
248 1016 1417 1131 Delamne le Rlome que a lui fait apei
253 1071 1325 1182 blame saherdi tost a unet abris el
280 1099 1612 1237 et monta a le t̾re dedens ung gardinel
246 1163 1583 1274 Qaue clere fotaine trouua les ung aubel
266 1209 1594 1336 a endroir est assise sans ioie et sans Reuel
296 1248 1723 1398 ⁊lourer cõmencha menãt piteux chembel
287 1315 1504 1462 icelle parolle ue uoꝰ unet damorsel
1507 1336 1709 1430 apel
280 1380 1500 1504 uon moult auoit le corps et hõneste
243 1426 1578 1566 Rchemẽt fu mõtes ꝑ dessus une morel
287 1483 1569 1612 uongletre si Rois courõnes de nouuel
292 1524 1622 1674 zeury auoit a non moult y ot bel dausel
239 1584 1488 1722 Dat  auoit le corps et gracieux et be
255 1605 1831 1787 Quil nauoit son pareil en uelle nen hamel
260 1672 1693 1830 Quar̾ elamce le uir entrer eus ou praiel
994 1731 1580 1842 e son Riche mantel
1514 1752 1741 1853 haterel
269 1777 959 1895 Alle torcha ses yeux
301 1791 1479 1948 ar les larmes li queullent iusques o
345 1837 1610 1998 que moulliet en fie le Afuglaton froiel
352 1885 1739 2060 uar heuris li uous Rois a ueu le pucelle
354 1938 1845 2116 Que teuremẽt plouroir dessus le fouteuelle
326 2003 1734 2159 broche le cheual ou moult ot rliche selle
319 2067 1741 2217 elamne est ueuꝰ et puis en hault luxelle
250 2113 1831 2270 Dieꝰ uoꝰ ueulle garder dist li Rois demoiselle
271 2162 1845 2327 elle dist bien ueingmeiz se mam a se masselle
289 2233 1764 2366 puis ua terquier seiz yeꝰ de se Robe nouuelle
262 2288 1762 2428 Et li Rois descendi que mie ne chancelle
243 2348 1622 2493 Par de les le Rome sasiet sur le praielle
223 2387 1861 2546 Tant le uit belle dame et de n amere puelle
253 2433 1937 2619 Quamours li ua lanchier uint dart en sa fõtelle
236 2497 1859 2665 Puis a dit bellement par foy moult estes uelle
246 2576 1633 2718 Se me uolies amer de bõue amoͬ. loielle
250 2619 1824 2776 En moy aries trouue ung ur̃e amy. dauselle
250 2686 1705 2833 fire che dist elame ꝑ le Roiaux ancelle
253 2748 1647 2891 Que Ihũs alaita de se douche mainelle
303 2812 1875 2946 e nay tallent damer en che fait sui puelle
248 2875 1925 2994 Alis mengerrie bñ. Car li ceurs me santelle
257 2944 1930 3072 Dangousse et de famini quẽ mõ corps samõcelle
