3104 4140
1350 906 2839 1039 Et qui ueult as uousfaire etanuy et griẽtes
1523 984 2922 1092 st dolans quant uoit qui ⟦dgue loiaultes
1371 1037 2540 1120 de martini de ceuoir sepent  maus
1401 1090 2715 1191 e por achief uenir syenẜa moult yres
1332 1133 2462 1225 Ryauisa en pur sy que sermuores
1339 1182 2816 1278 Rue sesplomerpboit que martiis lysenes
1375 1228 2699 1327 sce roir se le foy sest en le sambre entres
1346 1278 2342 1380 Mois et feurs trouua R enyot
1373 1331 2735 1430 sy diablee les uient Rspandre dtons les
1348 1389 2841 1497 En le cambre ⁊ partout et desons les deches
1339 1446 2579 1538 Cauincque amuint fu sy enfẽs lenes
1320 1494 2641 1603 poir aler amamneri sesosargcs̃ fu sates
1426 1550 2572 1635 y aest que Il si ⁊ canchirs̃ et pares
1394 1593 2869 1715 Sont faisoit moult froit ly tamps estoit geles
1405 1660 2574 1741 apris uies bores ses pes y a boutes
1435 1704 2740 1791 uoint martius fu leues uues botes pris a
1410 1743 2903 1865 et pour auoir alus cant seeii piea y bouta
1369 1800 2445 1892 lle uoie se mist masmes on sonna
1373 1853 2666 1945 ⁊nsementque ly enfes les degresauala
1426 1906 2636 1998 pois que lydiabdes ymnster arenga
1378 1952 2613 2051 che quil passoit sus et il moult se hasta
1385 2003 2185 2086 tõ uotes ꝙ q lo sie⁊ dut ly
2475 2017 2765 2136 escapa
1504 2056 2551 2145 pot aetenir cellement Rondela
1339 2095 2687 2201 iusque an ious aessous marinis my aresta
1348 2164 2485 2226 quen tele ment⁊ sy cort Reursa
1334 2203 2816 2290 Qua un bant la dessous be sienchirf y hurta
1382 2260 2556 2339 ne ly sans en saly Ml cuirs en defronsa
1468 2311 2399 2394 en fabr pehit queil ne se tua
1364 2364 2567 2435 de le ꝯmde destresse aterre seppasma
1318 2401 2917 2493 Pour che le fist de diable que moult tresbien cida
1378 2461 2807 2543 ne desperor se deue deuxa cara el ne cacha
1329 2525 2643 2589 Car on uoit tous les, purã ⁊ de ueu pre cha
1325 2576 2984 2656 Eeui sancuns qous se ulecle que dieu en mangrera
1352 2619 2650 2711 Et be uierge malie aussy on mandea
1394 2677 2689 2753 ⁊ sains de paradis cro tous londengera
1288 2723 2936 2817 Poir che dy chre prouerbe quil uotĩs en souuerra
1313 2785 2876 2868 fuant uoiys aues ens uous cose qui ueꝰ enuoiera
1309 2835 2595 2909 Car ly enfes martu quant le mal sontia
1293 2886 2510 2969 Il dist doul Ihũnist que on auchesia
1318 2944 2756 3017 bur le mont de caluaire ou longuis le ꝑcha
1300 2989 2724 3084 De la lanchi Sachier dent ly sant en caula
1348 3047 2742 3141 oes erfas soiezta d quanques mes corps a
1348 3104 2676 3187 e seruelie de toy mon corps celle pamea
1293 3148 2860 3309 Ielus sanffresis de moy quant on te clancesia
