3104 4140
89 873 1178 963 hnen uoyaro couleur toute este effrace
82 917 1297 1028 Iame clie dist e lame laissues celle pensie
89 982 1251 1083 slalade suy forment chest uerite promier
121 1030 1359 1133 les ysil uous plest huy ny seray entree
92 1085 1212 1191 ly ferit dist lotesse par le uierge loee
89 1136 1329 1246 Su de alle maison seres tonte hors uontee
94 1196 1378 1306 he uous bie r begiray Iamais pouriourne
117 1244 1332 1363 ant pei le belle elaure lardement a pelee
96 1299 1320 1423 due dessus le caulne fu le dame boutre
101 1359 1134 1497 Et la safist le uelle sur une ꝑre lie
101 1432 1286 1545 la endroit demoura coute iour mournee
105 1490 1325 1600 la last point ali court pour doe unecaree
94 1545 1468 1667 pant doubtoit le coie que ne suste rainsie
105 1609 1343 1715 es hõme de sa terre ou Iadis fu primee
96 1667 1260 1773 Et la se gemengoit cõme dame airee
103 1713 1389 1849 Et dist lasse mescans a pute heme fumee
158 1761 1364 1925 denche par droit estre dame clamre
98 1851 1279 1977 lome de n terres de graude Renõmee
101 1918 1371 2028 Pr naige que mendoier ⁊ se su affolie
96 1980 1585 2093 dacquel plus poiere famne ie croy bienne fuuer
156 2042 1385 2129 qie le amee moult tenement ploura
138 2102 1493 2203 las che pu sans paisen que le auort Regritre
96 2171 1534 2270 Caron le quiert Pou bien mes point nele auda
92 2226 1424 2332 ar bien cuidamorit et pout clre se prua
80 2293 1329 2385 Destre en sy prine lieu que le dreune ia
85 2346 1302 2440 Or dray de martin ꝯment i explota
87 2408 1401 2511 Fonte le pourranche de party et degna
101 2484 1304 2576 uẽquil y ot de cuit aporter cõmanda
103 2536 1525 2642 duesse dient ly ler quel diable menginira
110 2610 1382 2707 Nosire larchenesque de quoy court teura
121 2679 1525 2766 l deit auoit i dois mezque mengiernara
103 2739 1332 2835 Ensy ast lun alautre forment se deuisa
117 2806 1555 2904 uud capelain se tourne que poit ne satorga
204 2875 1403 2971 ent a larcheuesque qui sen mestier fina
117 2932 1532 3022 Euant il deult repairier et il se retourna
119 2989 1603 3079 les dou rois de uõuaire denchement adestra
112 3047 1491 3141 Dera lel palais en uint ensy quil y entra
108 3102 1403 3268 Io gentiens capelanis ce auii lest betira
1537 791 1652 913 114
