3104 4140
1380 687 2542 793 Ay elaute come bien don a dieu prcer
1408 770 2977 869 Tiuil uoulle es sains chieux uostir ame herbegiez
1375 837 2724 938 Sons estes morre a tort et agrant encõbra ⁊
1339 896 2883 1005 Oueux le uoelle confondre et grant mal enuoire
1341 961 2903 1067 Qui noꝰ ade lun lantre fait parter et eslongier
1341 1025 2705 1122 Cha fait la postolle. se men doibt amnier
1350 1092 2715 1175 Dont cõmencha ly uil forment a larmner
1346 1150 2590 1262 Ahy celie parole he uous un mesager
1336 1232 2687 1324 Cun pardeuant li roy se uaalt a ganoulier
1488 1294 2837 1389 is ou palais alondres qui de biaite flauboie
1456 1357 2770 1451 he uous un mesagier la uenadroite uoi
1309 1421 2894 1513 Oedistau roy henay chieux dierpo qui tout auoie
1304 1485 2968 1584 Grant ioir, et grant honner mour duy uous ẽuoit
1327 1550 2542 1644 Issy tresurai iuent fire que le uoroie
1332 1607 2625 1699 Qaus che dist ly rois Igũcrst bien totroie
1329 1672 2959 1768 Dont uientu chy endroit quel besoing ty enuoit
1339 1724 2595 1826 Parchest h plus dolauecgt Ieẽme
1318 1784 2609 1888 Orreche dist ly mes auous parler uoroie
1297 1842 2498 1954 Par deuant uo chite la est ly esdeson
1304 1899 2549 1998 Tendus a un franc cequi forigent enuoie
1325 1952 2869 2070 Car thest ly plus dolans que ie nõmer saroie
1327 2021 2565 2132 Or ueuroite uolentiers ausy con sabanore
1362 2079 2496 2185 herbegire auoet uous oleͬ maune soie
1426 2134 2742 2247 quant ly uois lentent sy adit de uois coie
1309 2196 2604 2316 Ie suy fis ⁊ certains Rnt yara de ioie
1421 2251 2837 2382 nant lu rois dengleterre le mesatierencent
1362 2329 2655 2440 de ly a respondu moult graciousẽment
1302 2382 2673 2490 Aluns qui est chieux rois ne le cheles noient
1313 2442 2878 2559 Et chieux a respendu moult amoureusementt
1313 2511 2995 2631 Phest lyͣ uous rois autlionerres que tant aharden
1288 2585 2692 2688 Quitin ꝯstantmoble et quãque il ly apent
1313 2645 2832 2760 Et quant ly rois heuris selle parolle entent
1431 2725 2505 2817 estant se leua et adit ase gent
1302 2787 2719 2881 Alons contre che roy saus nil detriemet
1300 2845 2961 2953 Mettes moy ches mi sagiers en prison tellement
1341 2909 2781 3006 Que lis puissi. Amoir amen cõmadement
1300 2989 1334 3068 C
1352 2976 2662 3084 et chil ont Respondu a uo deiisement
