3104 4140
1424 926 2701 1046 loriems dist Il quẽ le uierge hõnouree
1472 1000 2779 1108 corporas tan corpa por tuiracle ordence
1431 1083 1732 1170 ⁊ ou chiet
1615 1051 1734 1117 mon
1836 1071 2604 1159 portee cõme dõne hõnerce
1748 1113 2763 1207 dey mois fue uierge de liurer
1415 1136 2577 1253 axis ane Rengnas entre/ le gentederme
1357 1156 1403 1357 ¶
1465 1200 2381 1288 mõchas de loy en le teres qud
1447 1244 2825 1345 our laptisine exanchior chest ueriti iororuer
1486 1292 2455 1393 uaptisa Ichain en yane consaler
1495 1345 2574 1439 iidas ce pendy par male destime
1371 1384 2696 1499 pxx piẽches sargent che fu dandenree
1415 1430 2457 1545 n uusant te liir a le gent defrare
1382 1490 2694 1605 ont ta char preciense fua dooul de nourer
1392 1536 2602 1653 ar aleseaque fus batut de Randõnre
1346 1586 1366 1649 4
1394 1591 2657 1704 dine portali une crois sur le mõtaigne loo
1394 1626 1426 1695 N
1449 1642 2602 1743 fu te digne char en celle crois posee
1445 1704 2627 1800 lngieux te fery dime lanche acher
1412 1759 2703 1844 Recħuil mort pour no de le geut affait
1461 1803 2473 1892 ochuerch iour sa techr resussitue
1394 1849 2774 1945 t quua moutai᷑ es chieux en le glori adurec
1392 1899 2657 2003 u depuie fu ta meretraine et a destra
1454 1950 1718 2023 le gloire
1380 2003 2425 2097 ssespree sa dy ame couchie et ordenet
1751 1971 2696 2051 deechioux des anglis eslene
1339 2060 2535 2150 Iu preneux solil fule uiergs aoruer
1327 2099 1481 2166 Pre
1454 2102 1560 2219 dose
1594 2118 2712 2203 con chest uoirs sainte uertunõmee
1396 2201 2745 2309 uer til mracle soit chy endroit demoustra
1610 2171 2793 2256 pry et Requier sil uou plest et agree
1336 2235 1675 2318 D quoy m
1378 2297 2570 2401 dont unit une uois counenta le celer
1698 2270 2630 2350 mere elanu en foit Recõfortie
1520 2355 2556 2447 a dit martui or outengt me peiser
1325 2403 2977 2507 Dieux ce mande que pratque le mainq ue est cauper
1451 2454 2655 2559 soi droit au mõgnon esmellemet posir
1419 2504 2261 2589 dieusy auera torton escouhir
1364 2557 2648 2647 naran le fist ainsy que auul malne pdee
1355 2594 1385 2670 d
1415 2612 2540 2707 y tost quo mõgn̾oii su le mam ordeme
1419 2665 2439 2764 le uolir de dieu f obrach rauoee
1373 2695 1401 2769 21
1433 2718 2487 2838 la fi q̃ deuant toute sãme et sance
1348 2785 2459 2891 a fu grande le feste ⁊ le ioie demenri
1334 2835 2494 2937 archouesque d toier᷑ ale messe cantee
1417 2881 2604 2992 le Roy dengleterre la de mer escontie
1366 2941 2765 3047 lerlon lon Roy anthour÷ ali bracheguarie
1408 3003 2692 3109 aprien fu ly cours essauchiret dome loee
1323 3029 1507 3109 Elome
1527 3068 2303 3155 cõmauire be roine semx
1518 3095 1546 3171 S
1576 3116 2583 3203 nostesse fust esramẽt de liurie
1286 3169 2593 3286 Iueult bien le fet uentzer en ycelle ꝯtree
1456 3495 1502 3604 2
