3104 4140
1313 722 2701 839 Iy queus est Recpairies que ot grant man son
1309 788 2876 899 Ne mengast le iournee pour tout lordun Roion
1286 841 2519 945 Tant par estoit dolans en se cõdission
1279 942 2708 1039 Nres oncole en ert arset a dun seu de carbon
1316 899 2480 984 uielle fa moult sie sy en loi il
1302 1014 2666 1092 Auisy que uous ores en le bouue canchon
1281 1074 2887 1161 Or est tamps que de lame uous faichi mension
1306 1136 2676 1216 Euen un batel senua en le mer adormon
1295 1196 2595 1283 demcoste ly estoit sy lprotit enfanchon
1311 1253 2926 1340 Qui pleurent tenrement dont le damedenon
1288 1308 2639 1407 En auoit graitt pate quil futel pleurison
1461 1350 2993 1458 poi quelime le bielle au cuergrant doel auoi
1362 1419 2977 1520 guant ses deux enfanchous ainsy plourer doit
1191 1488 2901 1573 Poier yaux a Repaisier enuy iaux se couchoit
1281 1545 2781 1642 Et de fies en aultre ly dame les uaisoit
1256 1614 2913 1718 Son pais et se cerre douchement regretoit
1295 1683 2811 1791 Ny heury dist elle fait aues mal esploit
1313 1757 2963 1858 a me faisies de entende que uo corps tant mamoit
1293 1826 2961 1931 moult estoit faux amour mon corpo son aparchoit
1309 1890 2820 2005 ⁊usy disoit elaine qui tenrement plouroit
1394 1952 2986 2074 main quelle ot crechie moult mal ly faison
1281 2023 2747 2166 aaluus de ses enfans ly bras boirs estoit
1254 2088 2929 2237 Pont che ot anon bras faux est qui ne le croit
1277 2152 2919 2313 Et fu peres saint brisse que loialment rẽuoit
1274 2224 2931 2362 De tours fu archeuesques quant martuiteespe
1242 2290 2774 2444 Par le mer ua clame qui ihũs reclamoit
1256 2375 2878 2502 Eant estoit courechie que riens ne redoubtoit
1263 2433 2830 2576 Ne pour lorible mer point ne sesbahisoit
1277 2520 2917 2647 Eusy le donche elame parmy le meraiagoit
1244 2592 2685 2737 S uoloir Ihũcrist qui sen corps cõduisoit
1677 2688 2952 2778 a par le mer le royne aucuer saidhe
1235 2741 2991 2856 moult alait regretant sen doel etet se dõmoid
1254 2875 2940 2994 Iũ crist reclamoit par moult parens langaise
1486 2824 2913 2916 s enfans uaisoit le corps et le uisaige
1237 2948 2965 3111 Et ly batuxo sen ua par my le mer anaige
