3104 4140
140 922 1548 1041 lche lee nestoit point de nogenr assegie
273 1000 1493 1092 uergier atroune de qraide seignourie
128 1055 1346 1150 mouris y entra que point ne se detrie
128 1099 1953 1202 Du cenal descendy a un abre le luyse concha desoulz lerte
1546 1161 1822 1253 llouore
128 1173 563 1255 du ueroilersa
119 1214 1555 1345 Nais onques a nul pour ne fist sy grant foli
128 1278 830 1389 auaiqu pcray l
409 1347 1606 1442 hera amourx ddeus le belrergier
147 1409 1548 1499 Ou moult soues fbarait le Rose du crolier
112 1453 1566 1563 Purs ce chie Regarde il fu sur un Rachur
124 1517 1709 1614 zien uoit quanques on y fait ⁊ quant et derier
138 1577 1723 1674 y aois hurtaux estoit en son palais ꝓlemer
126 1642 1550 1720 me nques lun estoit sa courtoise moullier
131 1695 1484 1791 nouuellement lout prise sille fu  aiffier
174 1754 1465 1851 huil auoit alemaigne soui luy a iqticier
181 1814 1484 1908 eles hurtat estoit clul baxon chouaut
200 1874 1445 1957 gardent amoulty le nobile princhut
147 1931 1458 2005 Eue qu uergie ⁊ sestait ueus esbanoier
133 1961 1707 2072 noult en ocrent grant doeul ly paien lo iengier
144 2037 1421 2118 ont dit a qurtat ormoꝰ a lons uongur
103 2083 1415 2171 ꝑe celuy qui sy pris noꝰ unnit a gaitur
140 2127 1665 2228 a ren dons De luy ueuganchi a lesper dachir
128 2189 1431 2283 Aloni par de cile rue se lochions derier
121 2251 1254 2329 ne pora escapee il fust un esprie
135 2311 158 2392 d
202 2304 1438 2394 dist le aon qurcãt cher faitaotroier
181 2364 1300 2454 oiement sont armet iiii lorengier
144 2389 195 2477 2
239 2410 1714 2497 le citerne ecgrẽt dieux leier doint encõbrur
193 2470 1534 2557 sout aissu as camps sy que par un celier
172 2527 1346 2615 e sy a amoury ne fiiel de urocliier
158 2573 1831 2677 pais quant heurẜ les uit sur les camps cheuãtgier
193 2638 1546 2720 fist crie a lornir et ses gena hau bercier
154 2686 1813 2789 prire paiens cheuanchent pour le gent daungier
147 2755 1272 2842 t ly uere auoury se prist a legaitiez
223 2806 1385 2900 le ualie uoit maint saragzin lamer
186 2879 1721 2955 ne montoient amoutt ppolir son corpsi damagier
112 2923 1415 3006 Dont se lieue ly bers lesper ua saqune
200 2976 1445 3056 t dist qui leur uora lentrir crilengier
177 3017 1629 3111 ar paien ne le euent qua un des damagur
184 3077 1780 3162 eIil q̃ ne ueullent monter en dont maurais loier
131 3139 1599 3215 dal auoaury leurue leur costis detrenchier
174 3180 1555 3300 sqauler gire et baus ceruelles hancprrs
