3104 4140
232 936 1751 1046 poulz les degres alerent sans pouit darestison
243 1000 1599 1108 re stout sagemoullerent pa grant duotion
241 1062 1509 1156 t griedent a dieu de bon cier fermẽment
220 1099 1626 1202 Quil scaichent di corps saint le ueplamanẽt
365 1156 1543 1248 e quil lignaige est et qui sont syparent
211 1200 1608 1299 lors se leua de pape trestont premurement
266 1260 1721 1368 ere les mains du corps sanir sabache et humilie
266 1311 1327 1396 aprise le lestre le saint lya lassu
253 1357 1419 1451 espboier le cuisr et uault lire sa uie
250 1416 1348 1494 mo ly doiz Ihũcrist ne le ꝯsentiim
280 1467 1313 1563 fain de la quaelle la lectre ie saly
264 1529 1118 1607 cie .xxxiiii. ane atendy son ind
243 1573 1465 1658 ou l ehaux quifurent la en farent esbals
211 1623 1601 1722 mais ly dqulz qhũeist le fist pour ense iguier
253 1681 1417 1773 ordene de mariage fist forment aprisie ᷑
255 1729 1716 1837 uant desus ses mameles fist le lettre lanchier
257 1789 1477 1881 ur peri ne sat mere ne les uolt ennour
338 1844 1612 1945 omie est uien quetuie qui ront son mariage
223 1890 1679 2000 es lors se Remest de dieu et se met en lõmaige
241 1936 1734 2067 et aitnis duifer qui sout pull ꝙ lam̃ doultraige
211 1987 1208 2097 apostole parla ale puaelle sai
301 2051 1497 2152 ha dt pucelli uien croy que sous bõne
230 2102 1640 2201 enant par deuant pus ceste lectre uous dõn
195 2157 1339 2270 aitra le tantost bore a aucue perp̃m
333 2217 1507 2327 oplt belement ly dest cestit leitre lisies
427 2270 1592 2387 cardiual Respont cent merchie en aies
220 2311 1783 2463 Erant le manes baille ie ueul que uous sachies
257 2362 462 2444 nechs
246 2426 1780 2571 ne che saint cerpe pour quoy sõmer chy assambles
595 2382 1645 2513 ceste lectre Brois est que le sachu
269 2470 1256 2594 fiens otemi̾ts a lexis su nõmes
462 2530 1343 2651 ostel nasqui ou ql est trespag
230 2576 1576 2718 pour la mour de diei a souffert de duretes
234 2619 1270 2750 nex esal la cyte fe bnon xun au
236 2679 1433 2819 ni poures et descane cõme poure truans
213 2725 1323 2856 iu tant ademoure idie poure perans
209 2789 1525 2909 poulz lel de gres son pere brs fu le cry grans
218 2838 1433 2976 Ruapainee penist on dieu a cõme trouier
225 2898 1334 3017 e sardenal Respont encor ueul Por ler
287 2960 1661 3061 coy aus ne uit onques sy grant duel demenir
220 2994 1543 3121 ar amoure loussies moy me lettre parsmer
227 3042 577 3125 ucachut quo
197 3088 1026 3194 mais onques carius le murnt
851 3084 927 3134 or
1143 3081 1718 3148 une eome espousa
1148 3127 1624 3217 sdn corpo nabita
