3104 4140
1495 653 1601 825 24
138 742 1502 906 a corda se dist on et fu le dpais firme
126 832 1281 956 uon roy cloeme qui ot chiere hor
276 883 1438 1025 rois Repara en franche le Iolie
140 963 1270 1074 lutesse Reuint une uille oarm
230 993 1493 1133 y canga sen non by rois q̃ q̃g nus die
131 1041 1555 1193 pir le tresboine gent dont elle fu emplie
216 1104 1776 1253 pour che que cens mauoit fleur de cheualeae
140 1191 1254 1317 y mst anon paris sy ꝯlistoire krie
135 1260 1741 1370 dour che quii not pex tant que le chiel tourme
147 1327 1808 1444 t le terre ot non frauche de legent Resongmie
140 1391 1228 1499 y cois fu festiel de clotaire saume
142 1426 1976 1573 t ly dist Rbabide cloitaire de bõuaire diecieuo Doust bẽne
142 1520 1387 1621 ꝯifoiri aues er dont Ie suy pres lie
149 1584 1695 1695 ame che dist cloems le mien corps en grassie
195 1646 1484 1741 Sieu ou uoꝰ erecs ql ma fait ceste aie
211 1701 1705 1803 le uouray serui tous les iours de ma uie
179 1766 1550 1862 ar foy dist la Roine Ie suy ipoult espoie
177 1823 1323 1918 dont se baptisera ly rois ⁊ se lignie
188 1869 1707 1989 ussy firent sy gent Il le cõmad oie ⁊ pue
149 1943 1433 2051 ui obeir ny ueult sait le teste trenchi
156 1998 1507 2109 archeuesque de tours ⁊ toute se clergie
202 2072 1603 2159 t urisses ⁊ mordmi ⁊ toute leur mammi
156 2127 1679 2244 otureur aidont en franchi sy cõlistoire le
181 2203 1435 2290 gent Ie batiserent ⁊ la fu ꝯuertie
167 2254 1670 2348 nainte uoine persont dont lame est samntie
172 2313 1677 2417 t ly uous Roi choeuis dont ie uous seuefie
161 2375 1359 2479 it uaptisies acains en leglise Iolie
167 2447 1456 2546 a su a same pomy ly ampole enuoye
207 2507 1461 2601 quoy il se faga uoiant se bardior
200 2569 1649 2661 uus Remest aparis ly roinose maiie
170 2626 1693 2734 et lenfant quil Rrouua ou bos atle sugłie
170 2697 1755 2792 et le forest de castre qui fu orande et largie
193 2760 1534 2852 st nore douchemet ly uois u uous assie
177 2831 1617 2909 aierant le nõmerent enycelle partie
151 2881 1744 2969 Or est drois et raisons que de le miredie
204 2934 1785 3033 e lenfant uous ay aiti le matere adreciͤ
167 2987 1504 3118 de le mere dray qui en fu taureciin
