3104 4140
1394 926 2738 1044 Come uardast le dan sans faipe meseprison
1408 988 2745 1106 Mies ma mere le fausse dont Ie fay mension
1392 1039 2671 1163 Elle print le messaide adoirre le maison
1385 1087 2374 1200 Selettre ly canga en le denision
1431 1140 2694 1269 uoit mise le uielle que mandoie abandon
1401 1186 2710 1327 Pon ardesit le dame en ung fu de carbon
1405 1239 2811 1389 messaeges Nouist tous courant de cauon
1392 1297 2779 1444 by contes de clochestre quant en uitle faichor
1378 1359 2751 1494 quist me hame en ung brac lyet se norechoi
1371 1414 2703 1543 Et le trencha ua brac et ardyon son non
1576 1488 2526 1598 sore cousme pour le sannachion
1396 1534 2827 1662 faire de men moulier que dien faiche pardon
1341 1573 2871 1729 iue uint apar auenture chũs toieeqmẽ Roion
1382 1635 2602 1752 pue quise auoit se fille iiiͥ ans ou enueroi
1369 1690 2526 1800 Tant se cõquit ly Roit en me dempion
1339 1747 2807 1879 Duil conaius hes ensoignes que unn ly endisten
1341 1803 2231 1906 fauie Iacolesldm ait saluasion
1343 1856 2887 1987 Quise lauous neuinte auee quesõmes cõpaignon
1320 1918 2728 2030 Sy auous fait serement sans nule mepprison
1352 1980 2892 2090 Que tant prous ensamble sur le destaier gaston
1336 2044 2710 2132 Que nous arous troone Par certaine occoisdn
1378 2102 2510 2182 uoune le roiue ale clere faiclion
1334 2162 2625 2254 Sot se uous le seunes ne faites chelison
1325 2205 2800 2334 Car nous ne ly uotous scachies se tout bien nou
1357 2277 1424 2346 S
2772 2300 2899 2389 men
1332 2325 2857 2456 Eet dist byarctieuesque par dieue ⁊ par sen non
1355 2405 2850 2497 ie uens en scoy qui dire scachies n au ne nõ
1357 2449 1415 2527 Pe
1484 2456 2848 2557 r uircois bentent ne ly uiẽt nue abon
1332 2504 2779 2624 Teureddonc larutia par de sous sen caperon
1323 2566 2770 2686 Epoussy fist anthome se main a sen merten
1479 2633 2977 2739 gueur en ches deuyo rois nyauoit que coure
1300 2670 3014 2817 uant larcheuesque oy rout ⁊ direr tesmortom
1304 2727 2915 2877 Que pas ne leur scai le uome enseignier
1306 2789 2942 2955 Doncoste lar cheues que que dieu garle dentõbrier
1304 2863 2885 3001 Estoit brsses hyeufel que tant fit aprister
1320 2925 2735 3042 hauoit q lus uil enfant en trestout lermer
1320 2992 2678 3102 Essy uermaux estoit qui rose de rosier
1300 3038 2936 3180 Et tri sout aussy lolans quele nege en iauuer
1295 3111 2827 3229 Et martius fu delis qui bien sot chenauchier
1302 3180 2917 3302 Bt quant henris le uoit amoura ly ua luichier
