3104 4140
193 892 1514 1000 ant ly baron onent le uoise et le hustun
197 977 1502 1060 que par lost demenoiont ly felon saraiui
144 1023 1277 1108 ⁊ armer sont cournit chlr et mesqun
147 1083 190 1161 do
301 1064 1546 1166 eurisest armes du haubert doublentit
133 1122 1449 1214 nthoine et larcheuisque urisses et martin
138 1173 1396 1267 t aussy est morans et tout chil de son lini
138 1221 1440 1327 tly felous gaiant met gens ⁊estiens afin
121 1274 1504 1377 qune maque de fer leut dõna mainit taiu
119 1336 1369 1442 iacõsient lõme a copque ne uoist a declin
128 1382 1484 1499 ue ne bose aprochur lasennõ dy faitquemimi
128 1446 1495 1550 ⁊ fuient cha et la en demerant grant bni
124 1506 1378 1616 et Il trioit en hault uien auant maradii
124 1573 1327 1672 ral Reuoristes onquer ma hon ne apolui
140 1619 1465 1734 ii dies auoir ma tour que fois da Roy crantin
124 1697 1316 1787 omorer ꝙ porus Iusques a lont terama
126 1747 1346 1849 nis que uout leissies ꝯqui se par hustui
248 1805 1520 1904 ons demoree chyy, Iusques au tamplplepi
135 1869 1380 1957 ous̃ aueres en moy un noult quil uxisin
117 1922 1583 2007 ar malgre treitont cheux qui sont ep uoꝰ enclin
144 1987 1580 2072 serage a piane campe uiu uespre et au matu
124 2037 1380 2132 uran cpai dessous terre a le tour de cauti
124 2093 1311 2194 oy quantin le fonda ⁊ y fist le quenun
115 2152 1527 2249 la me ueura uitaille malgre cheux de uo lur
195 2214 1481 2309 nsy dist le gaiant que Ie uous ay conte
188 2279 1366 2352 Et scaclpei. uraiemet qude uisoit uerge
138 2323 1359 2428 ar iadis fu un roy que cantui su nõmes
126 2385 1309 2484 finfonda tes ii toure de uille altrente
163 2447 1295 2539 nsus lun de aautre scachus en uorite
674 2495 1840 2615 iplue dnno grede lieue yaroitan cõte
158 2569 1366 2665 est Il fist une bõne ou Il amaint argre
181 2633 1286 2718 . fi de lun alautle et uonu et ale
135 2691 1320 2789 y ot ii soustermẽ fais par sa soutiente
112 2755 1461 2858 dui yssoient as sampa sascuiꝰ pae un coste
142 2810 1486 2921 y une aloit uera noble chest arar le chite
128 2884 1415 2983 Et lantre uers haran cerle noble conte
117 2946 1435 3047 mes depuisse y surent chil coy la efoupe
133 3006 1300 3116 et achemm uero ubllr fiston castel feron
190 3079 1578 3233 eil pres de le tour dont ie uour ay parle
