3104 4140
1260 733 2466 825 Uoloit ly rois ses peres aisement a biter
1260 800 2590 876 Et auoir amoullier et et sen corps espouser
1256 846 2554 913 Et clu fait grand ment la pualle aloer
1260 903 2455 975 Ouille laissa Ie terre et sen uault aber
1249 945 2742 1018 Pour clir quelle uoloit che pegmet esamer
1251 991 2379 1064 Dues uous quelle sist clane apelez
1254 1037 2468 1127 eal dist la postole clir saclires sans doubter
1247 1085 2708 1175 Elaie a nõ ma meche que dieux quistconforter
1251 1140 2682 1228 On nescet ou elle est dieux le puist ramener
1256 1193 2395 1283 a dont se teust heuris selaissa le parler
1247 1251 2418 1340 ⁊pape clment ua le condrt demander
1254 1301 2346 1398 Et le pape le fist errãment hosteler
1254 1343 2531 1453 En une riche cambre que moult sesta loer
1251 1414 2583 1504 Pu authoities ly Rais que tant list a doulter
1247 1472 2464 1559 Gostela quant iuint pour rẽme uisecer
1293 1517 2618 1623 Et celle cambre auoit ly rois fait pointurer
1254 1580 2512 1674 Et lymage de se fillernoblement futurer
1256 1626 2549 1722 Et quant ly rois heuris le prist aregarder
1249 1674 2604 1775 Dont ua dd pent en reul le pouiture ainser
1244 1747 2264 1830 Et dst a un baron out il se pat fier
1254 1796 2636 1890 EAles uous ent dest dast il monescript a porter
1251 1849 2466 1943 Symage de ma faine I sis lautrier poser
1260 1897 2462 2003 Or melanssres ueoir sil poussent rainsir
1254 1954 2468 2058 Chos ymages ycly qui tant fout aloer
1251 2010 2581 2109 Et le chieux a resppondu che faita treanter
1249 2056 2572 2168 Tont ua lesait au roy isuellement monstrer
1260 2113 2639 2224 Et deuant les y mages le ua mettre et poser
1260 2178 2452 2290 la priurent lun alautre forment a deiser
1387 2233 2606 2343 p riches pois heuris sen escut regarda
1346 2283 2611 2408 Et lymage du nur le sainbanche aisa
1251 2359 2330 2451 Eucoutre sou escut forment yl unsui
1249 2380 2733 2518 Qtui ny ot rens que due dt adont ly rois pensa
1242 2454 2719 2582 Et dast tresdouche anne le nuen corps uo iura
1249 2530 2425 2622 Eue uo non aleroir au gape mpar declia
1244 2566 2503 2688 ien uon questes elame qui sen pail laissa
1231 2605 2726 2750 Pour guerpir le pequiet doist chieux que lengeura
1256 2681 2503 2803 Le uoloit enquorquiet ⁊ pour clie sen ala
1233 2734 2733 2861 Dirux mabien asenet quant uo crps a feca arma
1237 2792 2671 2918 Oultre le mer salee ou mon corps uous trouua
1256 2847 2480 2987 uant fille estel de roy biau marueeya
1263 2925 2459 3033 Lors en soit qhũs que le mõde estora
1247 2969 2777 3121 Quant iay sy delli dame chieux que le menuoia
