3104 4140
1221 745 2728 823 Quant uit le cõmandement grandt ioie demena
1217 802 2494 871 Tout puiy son roiame ses sedoiers manda
1217 841 2521 915 Oplus tost conques pot auchontes sesploita
1231 892 2597 979 Seut nulle sodoiers en pau deur assambla
1210 952 2563 1035 Dont uint aelame doulchement leubracha
1283 1007 2556 1097 ly dist belle filliz le nuien corps prendera
1217 1060 2356 1154 gondoet a la postole de Rõme par dela
1226 1092 2533 1214 que uous puisse espeuser desiri. lay precha
1212 1156 2482 1265 ire dist elame teop drant pechiet y a
1214 1214 2588 1320 Ia dame dieu nel plaise que le moyze krea
1244 1267 2510 1384 dont le rroy authonce uistement le baisa
1219 1331 2443 1426 Ale soie maitresse auoult le recõmanda
1214 1391 2616 1490 pui  bien garde se fille tant quil reroirnera
1217 1453 2514 1547 Celle lx prent en garde sesen Repentna
1224 1504 2514 1609 Car selle sera arse aiisy con uous dira
1221 1573 2765 1660 uuslent ly rois anthoiies que uel host eumena
1210 1632 2535 1720 uers le chite de Rõme ly rois sacheutma
1198 1683 2475 1791 Tant ala ly bons rois ⁊ sy fort sesploita
1221 1738 2535 1842 que malke les paiens en le chite entra
1214 1791 2231 1920 sapostole gentil encontre luy ala
1233 1892 1290 1977 ki
1304 1830 2595 1964 quant il uit authoie donchement la cola
1237 1971 2630 2093 Et le roy ly adit que pout ne ly chelerarla
1205 2037 2627 2157 De chief en chief ly conta che aquoy il peusa
1210 2099 2489 2210 Et ly coute la mour que deuers se fille a
1198 2155 2386 2272 Lapostole ctenthieux asses ly en orta
1226 2201 2636 2339 duil presist autre sẽme mes ly roy ly iura
1198 2281 2296 2392 Que ia a sarasiis ne se conbatera
1201 2341 2393 2449 Gil na lacort de luy qua fame lauera
1221 2435 1249 2511 ¶
1318 2408 2429 2511 ly papes ly dist on uous respordera
1205 2484 2650 2576 de uous poues tant fare que paiens pardela
1191 2543 2777 2645 Goient teut descousit le mien corps fant tant fera
1212 2596 2701 2702 que me sares bon gre quant partistes decha
1226 2649 2432 2746 Sont su ly mengier prest lapostole sa la
1226 2711 2843 2799 lseoir audisner delez luy apella le Rlee Royauchaie
1265 2764 2685 2856 Riche roy authoie que moult forment ama
1221 2815 2436 2921 Delrit luy la assis graut honneur ly porta
1205 2872 2489 2996 La furent bien seruy de che ne doubtes ia
1203 2937 2482 3058 De ganches et degrurs que on len aporta
1201 3001 2682 3160 Quant uzarapres menper anthonres apella
