3104 4140
1254 993 2535 1106 Quant de party dely son amel ly copa
1493 1048 2567 1161 chy la moitie adoiet la pricilde cria
1300 1108 2648 1230 euant chee moiceitendy lasse male eure
1309 1170 2634 1281 ay bin lautre moitre paxi auugardee
1274 1223 2678 1334 Noult dolente la tamit uertir fist le iourue
1272 1285 2581 1382 Dien que liuepieche fu en lautre sande
1290 1338 2549 1444 py bien qui tparut ꝯquel fst departur̃
1297 1391 2554 1494 la que ꝙ ouroient adno ꝯrano et peti᷑
1290 1428 2855 1557 moult grant diul demenoit le pe recpourle sil
1373 1492 2982 1609 e ꝓmue d tordoit de Rrure en desquerant sõ uns
1318 1559 2880 1672 dis Ast fieux a lexis ceste lettre est sauuaige
1316 1626 2708 1724 ne say ꝯugnt as en sy meruilleix coraigs
1316 1676 2832 1780 rue d sonl mes dgros ee mors en tel hontaige
1334 1734 2473 1835 e te audois saire tenir mon hiretaĩge
1355 1764 2655 1888 e chier fiento alexu de cuer me fent pourty
1357 1830 2503 1925 uire eatenboie au pur duy par me fo
1401 1885 2491 1980 ne ce coinsoi ⁊sestois pries de mo
1352 1943 2648 2021 ⁊ mere grultre partau aier ot grant anoi
1396 1984 2878 2081 sy nest point moruelle selle ouoult se demente
1348 2044 2418 2116 de dist alexir de da belle houuente
1366 2079 2653 2180 nas̾ denned chy huy dont ie moult dolente
1369 2134 2572 2235 ⁊ sauoiee soulz toy tant desy belle rente
1348 2191 3002 2288 uaux fieux chest grant moruelle que mon las aierdure
1366 2251 2811 2336 uul ne fent en deux parẽ de qrioste et dordure
1375 2306 2664 2382 uant i uoy mort gisir mon fil atel laidure
1355 2364 2514 2438 a puaelle refist graut duol a de smõsire
1323 2389 2685 2488 par le presse des gene sen couroit la puoelle
1373 2440 2756 2541 dumont tordoit ses mains ⁊ gratoit se forrelle
1306 2500 2728 2592 Par dessus le corpe saint sut chent la luelle
1375 2548 2756 2651 nant le saint apostole le arecha et lapielle
1366 2612 2342 2688 a pucelle aioit cõme famne effrace
1389 2647 2583 2732 hieranno alexis cõme die de senores
1350 2702 2636 2780 ioult uous ay acendie et enuoue pensit
1336 2746 2682 2835 Er maues uous laissie toute seulle esgaree
1336 2796 2786 2893 Or siige bien quent de tous croins en uieulte
1343 2852 2784 2955 Iamais naray entre lõmo pout le uostre aiuste
1316 2909 2618 3015 Sique lassue es cleux en la sainte clarte
1325 2953 2680 3075 puissent auoir nos aigees sainte so lemqunte
1380 2994 2841 3116 apostole ꝯmans iant cõme leur dinl faisoient
1369 3052 2814 3160 me᷑ ne pporoit penserle doleier quil menoiout
1401 3091 2876 3226 on presist le corpe saint emporter le cuiuiat
1339 3146 2823 3311 Mes les ruer de Rõme toutel qolaus e poient
