3104 4140
119 910 1682 1000 ie qui tant haist cheux qui en dieu sont reant
101 979 1394 1051 lu diane se seda ot le corpos moult plaisant
96 1021 1362 1106 i auoit tell. pucelle en che moud uiuant
96 1071 1495 1163 planque fu que nege qui des chieux uaqueant
110 1124 1336 1209 paire fu et coulource et les yeux et Rans
110 1170 177 1253 Et
227 1184 1346 1262 e reoit moult bien auqeie Roy amant
96 1232 1375 1317 Nei ne losoit pas dire che stachies en ount
98 1281 1410 1373 Par elle enst este aefe de dens un feu ardant
98 1340 1173 1428 De ses friret seust de ly le conuouant
188 1396 1270 1483 selle fu le quicelle de goente faichon
179 1451 1537 1547 Iu eoy quen tout le monde telle ne trounason
94 1513 1214 1609 dr dray de nogent se il uout unst a bon
103 1566 1161 1667 dtne dien fist ordener en calle Re gion
112 1630 1304 1722 Tuant il uirdaet uaitonce le uilt de cenon
110 1695 1090 1773 lquorr soit arme sacia nul arestisot
103 1722 1401 1807 ls marõmers anant q R uile de non
101 1791 1435 1874 Et on leur dist hantoune que sy auoit anon
98 1844 1327 1929 oeigneur che dist hemis oyes mentencion
101 1902 1412 1994 Rechy le grant poyaume amoury le uaron
126 1954 1511 2056 Eui morut apigisanche en lomer de Ihũ
101 2023 1426 2116 Or a ychy un frere qua gamans a auon
92 2081 1389 2166 re ueult duy aourez qui sousfry pass ion
94 2129 1709 2224 Par bn uen lons mauder se che uoua sain ule bon
101 2201 1493 2293 Eue baptisier se faiche sans nul aresti son
126 2263 1585 2346 ⁊ sol prent le baptesme par uõne intentioi
115 2318 1725 2412 a ne ly mefferons qui uaille un felie seul uouton
112 2373 1610 2474 Et dist le roy authome Il me uint bien a bon
117 2421 1525 2555 prent puis un missaige nout fait a restison
124 2484 1495 2612 neer le cloy gamans dont ie fay mention
133 2543 1270 2656 ot de le chile a forche et a buaudon
131 2608 1359 2732 .xx nulle escochois qui furent dun Roion
124 2665 1479 2794 bioit aueuques luy pouir uray le uoꝰ deston
149 2727 1585 2858 ut le riuie de le mer aquearrent d candon
133 2778 1764 2927 ont montorent no gent que dieu faiche parenn
128 2835 1550 2978 dour coubatre as paiens fout beur esta blison
119 2893 1247 3019 laprochiers y ot un estoilr sy Reloi
204 2957 1196 3084 sy forte bataille en celle occison
149 3029 1663 3134 ene ly cam sont touuert des mors tout enuiron
