3104 4140
1560 609 1654 717 12
213 687 1532 793 Pour con faite besongue uous ayl chy tramisz
209 761 1564 848 Et dist ly sardinaux Iel uoits diray biau filz
234 821 1700 915 mses la postole de rõme est de paiens assilz
202 880 1583 982 qr uous mande par moy ly papes benais
200 945 1451 1028 ue uous le secoureliio uous uosz amis
193 988 1491 1099 Uar itel couuenont se de uous ess garis
193 1039 1658 1175 Et deliures des fe du siege des felons aruabis
197 1117 1313 1232 Eur il aquittera a tousiours uo. pais
209 1177 1578 1281 Et restont le seruae de quoy est a seruis
204 1239 1438 1340 Ne nen demandera iamais uiz parescsz
204 1294 1728 1409 il tous les iours du monde iusquan Iour des iuis
204 1350 1624 1465 sins sera uo roialmes du sernage a fanquis
200 1414 1500 1511 Et quant ly rois lentent sy a iete un ris
202 1469 1442 1570 Et dist air cardiual sire par saint meurls
200 1522 1658 1626 moult uolentiers feroire ou par fais du pardisz
209 1580 1511 1685 Pers le saint apostole ⁊ enuers ses amis
211 1635 1601 1736 sur mes Roialmes fust du tout de sa seruis
209 1704 1525 1796 Caz par che luy secdueur qui moru par muisz
211 1757 1560 1858 Grant panie y meteray de clir soies tous fis
213 1816 1488 1911 res hõmes manderay dout don estre seriis
216 1874 1449 1973 Et passeran le mer armes ⁊ fernestis
207 1945 1633 2026 Pon l past lapostole aidar me seray entrenis
216 1994 1516 2090 Car bien en a mestier puis quainsy est assis
243 2051 1569 2157 ors fu plest ly deuers aprestes etgarius
246 2109 1684 2212 es tables fuient mises ens ou palais depris
227 2164 1530 2267 La su ly cardinanx moult richement seriisz
218 2214 1532 2327 De uins ⁊ de uiandes ou il preus ses delis
227 2281 1468 2394 Ale table du roy fist elame au cler uis
220 2343 1458 2463 Dencoste ly le conte de clochestre establis
220 2408 1371 2518 Ey cardinaux estoit alautre oste nus
227 2456 1721 2578 Et par deuant elaune blanche que fleurdelis
216 2520 1514 2622 Estoit le male uielle qui le ueoit enuis
213 2580 1426 2688 Et sy estoiti lle pucelle genlilramauea
216 2642 1649 2748 Ieche au quẽ de clochestre que tant enpostais
213 2709 1543 2803 Iobles furent ly mes moult fu bien cõiois
223 2766 1566 2865 Iy genneux crrdinaux que tant fu aienseis
220 2817 1663 2927 lpres mengier se lieuent ly diuers est falis
218 2877 1417 2971 Elame le tourtoise ale cardinal pris
220 2927 1658 3065 En priant ly demande sire pour ihũtrist
