3104 4140
1385 830 2653 949 mouis dist by cois ton ame soit saiue
1332 903 2717 1016 gmus pous hardy de coyse ne chandy espee
1504 968 1631 1035 oult
1661 975 2929 1078 fu ly rroili piansquant le parolementet
1323 1009 1415 1108 U
1468 1035 2671 1138 ainory lesidchois en prisa grandement
1369 1090 2922 1202 Et q̃uant robapre uit sen grant eiudubremint
1378 1156 2804 1255 et quil auoit perdu uoudaux sy faite ment
1389 1216 2627 1327 heury se Rendy et dist sy faitement
1304 1269 2834 1421 Pre Rois dengleterde a uous mon corps seRent
1320 1345 2508 1446 Ie me uaptiserꝰ a uo cõmandeme
1332 1400 2777 1522 Ine terre de uo corps aeuray sparfaite ment
1355 1462 2896 1591 a conquista ly rois bourdiaus primmerement
1346 1520 2712 1637 Onques qnin ni fu heuris se listorent ment
1348 1586 2839 1690 Ion ne tenist do lun uourdranx entierement
1339 1646 2664 1747 Rutdire en out lylpir Conneur gri yapent
1311 1697 2646 1814 Robastre fu Rechus et amerchy seprent
1350 1766 2719 1883 ꝑ richer r̾ois leuris qui tant a dessient
1316 1826 2820 1934 Ie clute de uourdiaux sy grandequelle sestent
1306 1892 2609 1991 Sacorda et reudy et prĩt baptissement
1325 1964 2549 2056 Et la se uaptissa cobastre o corps gout
1323 2017 2795 2127 Constancien ot non che non ot preprement
1302 2076 2784 2191 Pour che quil cousta tant en morturerugent
1387 2136 2514 2249 npy se couuerey be chitequi Resplent
1373 2203 2781 2304 dtlises ordeuerent et moustiers largement
1371 2265 2804 2378 es mors trestiens syout enseuely nobleuent
1343 2318 2579 2428 pes che fist leuris de la de partement
1389 2385 2855 2477 t ꝙ bous cois authoines et toustansz enseurẽt
1405 2447 2913 2536 dist que pour son non consteroit grandement
1332 2511 2627 2596 lle gent sarazme amõ se depardecuent
1596 2569 2722 2668 ly bere Robastre uaptisies et leues
1412 2619 2676 2730 Et hu coustancien parsen non appeles
1279 2697 2560 2778 Cams est en pardil che dest lauctorites
1297 2753 2682 2833 Et tout droit abretoeul est en fiertre leues
1300 2810 2733 2900 EEn coire y est ses chies uens er esgardes
1341 2870 2687 2953 Et sa de dieu merite qui garist les derues
1327 2923 2590 3012 de puis ot Il un sil Ioserans fu nõines
1329 2989 2719 3077 Eu franche Regna puis en grant auccorite
1323 3047 2770 3139 Et du duc Ioserant seignerer fu engeured
1316 3100 2880 3224 ho gentienx duc Ricliars qui tant fu natures
