3104 4140
1493 899 3025 1002 oult fu qans y assaus uien en doit ouꝑle
1424 949 2885 1076 Que qham furent noloutil uacheler
1412 1035 3005 1117 t cliil des ketiliux prent atrair sanacessir
1387 1099 3011 1186 ierre et grans coullaux y ueissaes getter
1366 1166 3016 1260 se uiossies les fames telbement esprouner
1350 1230 3016 1322 Ene mus hous ne poroit leur ualeurareces
1359 1290 2797 1396 amoury uy gentieux se prist amaler
1523 1343 2899 1476 fosses la dessous ne sy uault arester
1456 1416 2970 1534 est uenus amiers Mrans horions dõner
1378 1492 2956 1605 ois on ne le poeit nulement enpirer
1362 1568 2965 1667 Laron les auoit fait Richemẽt machõner
1334 1637 2784 1747 Sestoient sy treffort q̃ nen pont oster
1346 1768 2708 1867 No crestien y ont fait esquielel aporter
1447 1692 2952 1803 e pierre ne caileil pour les murs afoler
1472 1819 2910 1936 encoutre les murs ues ont q sait aporter
1362 1888 2972 2012 Amoury chieux descoche ꝯmencha amonter
1385 1968 2919 2072 les esquielles sont courtois ny pot cõbrer
1341 2040 3014 2129 Se carge qui su grande uasur son chiesposer
1366 2104 2991 2194 la pechuit mainte. As s y faisoit coubrer
1336 2166 2979 2263 seigneur dist aiiouris or penses di mõter
1405 2237 3011 2329 Et afiers de uo lauche me ueura chy bonter
1355 2304 3032 2401 Tant que uous me puissies un pau conoutbe
1403 2375 3023 2465 de Ie tien les crestiau Ia my uerbel entrer
1334 2438 2993 2530 Ore dient cliy hõint e toit clie laisiesesser
1357 2516 1373 2594 ¶
1401 2504 2954 2605 de uoꝰ esciel lassus uous ny pores direr
1348 2571 3025 2672 Geigneur dist ameury ie me ueul esprouuir
1323 2635 2887 2734 Sdpourduy i poois le chite conquester
1378 2700 2979 2799 amais ien no uiuant ne porons ens entrer
1332 2764 3055 2870 Ie coument pendr ou Rendre onꝯqueror ousn
1327 2833 3030 2932 Mo roustpour la mour dicu qui se laissa penez
1631 2895 3041 2994 saintisme croi pour noh enRachater
1403 2969 3053 3063 Et seigneur nous deuoira en nos cirers desue
1343 3024 3023 3130 Que nous puissons le lieu u. dir etRecarde
1357 3095 3025 3203 Ou ihũs uault pour noꝰ de mort a sussiter
1343 3171 3046 3298 Eest le signe sepulcre ou on le uault peser
