3104 4140
1357 959 2648 1092 Aussy estoit ꝯstant ly boue Roit cestais
1382 1046 2807 1143 Ettes chy poise moy que de uꝰ est epartis
1334 1085 2579 1209 Ie rous a corde sire faiẽsen soit etzis
1346 1140 2643 1253 ie premiere ulitaile ou ron de Ihũcris
2655 1108 2795 1219 eoue
1343 1200 2841 1315 Pui uoꝰ soit au besoing et ardans et amis
1316 1248 2722 1370 amen che dist ly uersqui moult fu esois
1327 1299 1451 1373 pisi
1500 1311 2864 1423 uy Roil dengleterde qui tant fupostail
1369 1363 2800 1488 iguxur ie lotroy hien se lont le mienains
1334 1416 2733 1543 Nous auous lamrral qui est nors et ochur
1320 1462 2747 1607 Il fu enbanfences uiers lel pors abrandiẽ
1465 1527 2733 1651 sy auons aussy ꝑlente de paiene qris
1348 1575 2694 1708 rꝯme tous a huirtãt qui acrõme est assis
1316 1623 2717 1757 sanuiral de palerue qui est mors et fis
1295 1683 2938 1823 ꝓ ds freres est dermains che nous dist hyestrie
1297 1745 2910 1904 Euant Il le uera mort Il en ert moit maru
1297 1814 1960 1908 amoitiet en sora si
1468 1869 2774 1991 a en le uataille il nen ert sy hardie
2126 1851 2535 1929 uoit descousis
1304 1915 2643 2058 Dieux dient ly baron qui uechy bon ains
1426 1987 2917 2118 uiant ly baron orrent le bou Roy desraimer
1359 2076 2745 2231 duis on fait une biere tantost aparulsier
1599 2060 2977 2178 couseil acorderent sane point de la targ
1283 2205 2846 2355 Quis on le biere out assise pessus un cousier
1442 2159 2883 2295 corps enbarseme out fait dheus lanchur
1378 2267 2963 2410 ont magre et affame ne uault a cheuanchier
1316 2320 2620 2444 tspcun une main et qme sans detrier
1304 2375 2735 2507 gfait a eux crestons cascun un oel clingnier
1302 2442 2864 2573 Et creue uistemet dune grasse de dachier
1304 2484 2581 2624 liemry ullamencẽt les a fait apareblier
1316 2548 2719 2674 t sur le corps malpon leur a fait fianchier
1334 2610 2763 2732 quil yrout ahurtant le messaige nõchier
1309 2677 2512 2778 aupral depaiorne mener et quoier
1127 2783 1242 2842 uiz o
1297 2725 2751 2835 uont se Apartrrent sen portent lauersier
1569 2794 2728 2893 Relon hurtat̾ naraque courouchier
1295 2854 2906 2957 pmant en che point uerra son frere quiletchier
1329 2900 1375 2983 E
1419 2911 1562 2985 ly
1626 2927 1849 2992 sciren
1295 2953 2970 3095 usquerꝭ a lost hurtar ne se outeant uoret̾ targie
1976 2921 2890 3010 uout qui lont fait melpumer
1649 3038 2728 3139 uout ln paien courcier et doleur
1385 3098 2726 3192 qusqueralost qurcat ne se uout arestat
1329 3162 2738 3247 ynen sont uenu a leur maistre braiant
1235 3217 2945 3318 foult lau de ue maine criant uout et ꝑ qua uat
1382 3263 2988 3385 le neuen hurtat con clamoit sadant soliant
