3104 4140
1364 788 2482 908 e uriẽf ueur deuiera qui fu ou cargnon
1348 853 2468 972 Iaox heury ue laille por fudplicasion
1375 919 2664 1028 t dist rois deuglete re che brief uous enuoion
1394 975 2740 1090 uriefy prine brienment sans nul ariestison
1364 1028 2374 1115 sen clora le uailla sou apella apaeron
1316 1081 2692 1179 Et chieus uysy le brief sy que bien lententon
1350 1145 2356 1235 re la ont encendu celle demsion
1332 1209 2648 1285 Que mande leur auoit larelceuesque de non
1325 1255 2864 1350 lans ne fist sy ꝯrant sceus pgur uray le uous diston
1293 1308 2666 1389 dauelisu de uoits mescier sy ꝯ li sont Rounonz
1288 1357 1334 1488 ¶
1341 1370 2519 1453 sendieurs or entendes glournse canchoi
1339 1421 2694 1515 Iun mes ores istore que est de agrant Redoion
1323 1478 2620 1561 desaintes ⁊ desains aqui dieu sist par don
1346 1536 2602 1628 che camps seignours que chydit uoꝰ aon
1339 1603 2593 1692 uoit un roy en franche qui eloins et anon
1302 1653 2471 1752 Nas ne heoit en dieu am souffry passion
1327 1708 2673 1821 re ocłi camps nauoit pas franclesy fait non
1325 1766 2498 1851 ar le pais de gales ensy laperoitton
1293 1807 2505 1911 Paris ot non lutesse le chite de aegnon
1302 1869 2797 1980 ais enchoir que Ie fine les ueredela cã chon
2772 1977 2797 2040 3
1297 1994 2646 2102 Fõment dieux ennoia par ungle de ula zon
1295 2056 2579 2155 Duon roy cloruis que dieu faiche pardon
1293 2102 2811 2237 pdoindre le fist dasur fleur dele le delildor en son
1258 2171 2466 2277 Eusy que uout ores aprochaine saison
1265 2235 2657 2323 Ort est droit que remengue ame droite li chen
1265 2297 2572 2382 Quant by uous poil heuris doy lentension
1281 2352 2627 2440 Iu gentilarchenesque I y uant moult abon
1375 2410 2560 2516 dist quil estoit planis ⁊ uõne ainsion
1290 2490 1350 2578 LO
1364 2481 2765 2589 est uous che dist autheme foy que Ie doy Ilm̃
1313 2550 2664 2638 e lorqui no gent dout nous auous fuison
1343 2599 2770 2711 lodent chs as camps chy endroit le sablon
1228 2599 1281 2681 ¶
1302 2663 2820 2778 ⁊ nous urous a tours⟧ car ilen est saisons
1297 2730 2639 2826 lo troy dist heurir adoml ques kiaon
1283 2780 2531 2872 eue gendu suisent la et gres et paullon
1371 2833 2653 2934 que le demourasent sans maiaisi ocoison
1359 2888 2611 3006 sil faioit en lost pan et char ou poisson
1233 2865 1304 2957 Lo
1233 2946 2510 3061 uoient en le uille Par ancrm cõpaignoy
1272 3012 2220 3100 Eui en acateront asses etrf oi son
1244 3068 2383 3190 bont se loia lyos entoiaet en uiron
