3104 4140
92 795 1557 917 amais ne seray lies en trestous mes aes
115 885 1504 977 ant que seray es foul baptistel de leues
89 942 1484 1046 Et me gent. eusement enuiron atous les
92 1007 1550 1106 daz qui dieu ne srera ly chies ly est croupes
112 1074 1362 1175 t dient ly uron sire bien dit auesr
119 1120 1479 1242 zeuoite soit ly heure ⁊ ly uurs aioures
128 1191 1461 1313 ne prise uous en est sy bõne uolentes
117 1253 1511 1380 dont fu sur le hart ly cris moult tost lies
121 1334 1265 1446 ue sararin ny soit dehis ne aloles
103 1396 1497 1517 usqua tant con sara se chest leur uolentelz
119 1453 1562 1577 in soient uaptisiet chieux uans fuordenes
103 1527 1576 1635 our lamour o uon roy qua eux sest acordes
98 1589 1203 1695 deuers Ihrlm Retourna ly uarmes
96 1635 1571 1773 pu amoirn descoche estoit parforche entres
115 1704 1263 1826 entree auoit conguile dy chlrs bes
1044 1754 1537 1888 le part estales
103 1793 897 1895 Et heiris quant le uo
101 1844 1380 1968 de luy fu donchemẽt uaisier et acoles
92 1918 1258 2033 luchoures la cola ⁊ constans ly seuẽet
94 1971 1783 2095 Noult forment fu prisies ⁊ del baronsdpr loes
103 2067 1663 2168 Euant or denbourc le uoit se sest haull escries
98 2136 1571 2235 dire rois dengleterre distIes or estoutes
133 2208 1721 2311 ui est chieux cheualiers que uoꝰ ainsy festies
98 2274 1518 2375 are che Sist ly rois amouris est claimes
179 2339 1421 2458 ust fires descoche sil fust demoures
110 2417 1235 2520 Nel malon Renoia sen est destretez
216 2488 1514 2585 sen hardement est qun prise uachites
128 2559 1210 2645 ncouke luy seran amoury apreles
188 2615 1587 2711 est drois puequil apris mi noble hiretes
108 2672 1539 2778 de peis nenist le uille ou dieu fu resuscites
124 2739 1546 2840 e ne sine finsse a uui pas sy tos acordes
105 2806 1247 2902 obien quila p. anq̃ a cõplisrenpe
115 2858 1493 2966 fue Iay des drertu dieu certes ueilasses
121 2930 1603 3035 Nes hontes men estoit car ui miens pentee
156 2999 1658 3088 t creant en mahan qui uas ne uauit iides
133 3056 1649 3167 nse met dist u rorã que uous drre moes
