3104 4140
1371 1021 2963 1120 ue del nos ne pardons car moult se uõt liss
1325 1145 2699 1223 Dasalir ch ensroit par le muien ousiant
1447 1087 2728 1173 ii mois ꝑasses aule nalerent arestant
1325 1166 3007 1285 Pour dieu cousellies moy ien an be soing moltar
1394 1228 2841 1345 ⁊ aist le royauthoire por dieu le roy auant
1332 1276 2885 1396 Se no gent soit lasse trauulliet sont pcͬsant
1334 1377 1355 1446 ¶
1419 1373 1433 1437 1
1500 1347 2650 1444 eganitamoitret mate et Rcreant
1332 1400 2694 1508 Alous har diement ou non de dica auant
1341 1426 2855 1563 let dist le Roy heury uousales bien parlant
1341 1506 2554 1621 dout firent souuyr et sor et olifan
1329 1538 2823 1672 Lassanstont cõmenchiet ly baron sonffissant
1431 1605 2839 1731 hues ne tuerent Rone ne groy en estant
1318 1667 2988 1789 qune fiuent cha et la ⟦et le plaiche uõt laissant
1313 1738 2887 1839 Tanten moru che pur che dient by rõmant
1318 1798 2722 1906 Pt̾ nre de paitetis y ot petit de remanat
1320 1856 2733 1957 On ques nen escpa ne famne ne enfaiẽ
1329 1899 2919 2014 Quisy fu prise castre que Ie uous uoyqtant
1546 1977 2804 2070 st prise le uille dont ie fan mencion
1348 2037 2825 2129 Pairen y faront mort a grant Astortion
1332 2097 2758 2191 hy rois mõteou palait qui henre ot anon
1309 2157 2696 2242 ꝓplaisanche le gome estoit ens ou don gon
1320 2208 2712 2309 e Roy leury ꝯmande con ne laisse prison
1341 2272 2600 2362 laoii ne uoist querir amoury le baron
1311 2327 2839 2426 Gent trestame out trouue en une cour de non
1325 2389 2678 2490 n das y auoit qui crement un ihũ
1309 2447 2816 2543 No geut lex apelereit sans point darlssison
1311 2502 2959 2610 Pamoury demanderent sen sccuint Riens ou no
1286 2555 2834 2670 Plai sanche leur aait le certaine occoison
1318 2612 2820 2723 sõment fu mu en crou par le geste nalion
1325 2674 3018 2799 Eet quant no grat loirent sen faut grant plorison
1320 2739 2613 2847 la Romeont meme aleury bt baron
1329 2799 2705 2918 Et ly uon aria lassist les luy sur un le son
1318 2865 2855 2978 la contatout en hault que bieu benten, y on
1339 2930 2549 3019 e toureuent amoury et le ꝯsusion
1412 2987 2887 3084 uant leeury leagendy ne byc oint mie abon
1318 3045 2770 3134 Authours en ploura se maig a sen menton
1302 3102 2646 3192 Auisy ferent no gout entoir et enroi
1311 3164 2982 3252 Prant doeul uontt demenant cheualieret baron
1316 3222 2740 3339 le almy heur sou pee qii arer at de lion
