3104 4140
1470 581 1573 708 59
124 696 1472 811 Et dist nuieix ameroit ꝯle fesist finer
165 781 1421 885 t ardoir en uis fu ⁊ sen corps enbraser
98 846 1599 947 Euelle ne uoist en lieu mauoir me demourer
149 924 1458 1023 n elle quist Ihus duir et houuerer
124 988 1497 1090 Et faire le sien corps uapusier et lauer
126 1030 1601 1175 ale uoie se mist saus mesquine et sans per
124 1104 1799 1242 Nes scachies que le belle ne pot point lont aler
124 1186 1539 1322 fuant elle uit anthouce oluy maint bacheler
96 1255 1562 1396 ui uenoit abanere pour graybant ꝯquester
138 1338 1518 1460 y rois uoit le pucelle les un besquet aler
115 1398 1665 1529 pui pour se gent se uault du chemyn destourner
103 1467 1408 1600 Relame ly souuint ⁊ print a ramembrer
138 1515 1721 1678 e cheual espor esporont quanque il pot uandõner
151 1616 1221 1734 e belle aconsient a un cert a uoler
128 1681 1373 1793 dent ly a dis auchomnes s prist a escrier
115 1766 1405 1865 par foy dist il ulamne ne pors escaper
124 1830 1606 1941 rop aues fait mon corps naullier et pener
115 1904 644 1984 Mes ache cope
1000 1890 1520 1982 donoren dieuloer
117 1968 1417 2060 Et quant le damoiselle oit le roy parlir
110 2030 1447 2129 Ponne luy petourna sans point de larester
117 2099 1670 2198 Quant elle uint saluy se iy dist hault et cher
94 2168 1638 2281 Sre chieux uous benie qui fist ciel et mer
105 2249 1532 2352 Et quant le Roy le uoit en fen uiare cler
121 2313 1875 2428 ien uoit che nestoit pas celle que il tuidoit deoun
103 2396 1801 2511 Re ly dist damoiselle diens uous uoelle ulceder
92 2465 1695 2599 Ye uous desplaise mie sapres uoud uauch quer
80 2557 1481 2670 Car son que don adieu qui tout a asauuer
126 2638 1698 2746 e auuidoie moult bien che scachies sans fausser
115 2730 1748 2840 due uous fuissies clame que ie uant engeurer
101 2810 1870 2918 Noult lous tamps Ie lay quise se ne le puis trouuer
75 2886 1691 2994 Delle dont estes uous ne le uoelles cheler
250 2962 1654 3072 eller cqr dist ly rais ale shiere hardie
