3104 4140
112 758 1530 867 Ny Rois heuris assoit et mreuus et souuent
105 837 1486 945 Mou⁊ sarazin greuer que il namoit noieut
121 894 1760 1011 Ies biitor de hõgnerie le passaige fefet defer
131 963 1316 1076 II mille mrs ot au cõmen chement
126 1028 1539 1150 Nres de cent nulle murs sontaiteury se gent
128 1113 1362 1221 Il ont iure mahon aqui seloy apent
142 1193 1617 1290 fue il ne se pariira poier or ne pour arte
1532 1225 1965 1322 eara destrim Roi
144 1262 1493 1361 Et sil mit roy hendy que le uille deffeu
1523 1288 1965 1428 et le pape ẽsemu
172 1334 1497 1430 n un fru lardera apaine et atouruient
144 1398 1566 1511 Eusement dest untor qui tenoit bõuement
138 1467 1543 1575 Proialmrs teuoit en foyt son gouu̾nement
131 1529 1859 1660 Pe r̃me auoir aprendre auoit moult grant talent
131 1623 1601 1736 Et bun uous say a dire se listore ne ment
126 1704 1389 1803 Precha leuist eu a son ꝯmandement
133 1780 1682 1869 refust ly qbis heuris qui tant ot hardement
121 1849 1445 1945 Pequon le roy uutor le hay duremrent
170 1925 1709 2026 t se le manechoit che scachres bien souuent
128 2005 1612 2095 Mes ly bous rois heuris ne le doubte noet
126 2074 1576 2178 lines iure qhũirist be pere oumpotent
112 2150 1619 2247 ꝑaul ne se partira daisy neaultrement
144 2214 1633 2320 ara desteuit butor que le corps dieurauent
133 2302 1562 2385 ꝑiour du ueuredy que ly quis pulent
140 2364 1615 2470 eauillerent qhũs en le kois sy uieument
117 2449 1548 2541 Panderent au Restien ou noudu sapient
115 2518 1573 2615 Pataille aux saraziis ou pour nẽmoment
128 2596 1645 2691 e iour da ulant Ioedy ont fait la cordement
142 2668 1484 2773 restonte le nutre font laqurellement
87 2746 1583 2842 Par le chite de rõme yot grant criement
151 2826 1716 2907 t daures et pu celles plouroient teurement
119 2881 1518 2983 apostele de rõme yfist le prdehement
248 2955 1783 3086 iour du blant dieux sy con li sant tauuon
