<?xml version="1.0" encoding="UTF-8"  standalone="yes"?>
<PcGts xmlns="http://schema.primaresearch.org/PAGE/gts/pagecontent/2019-07-15" xmlns:xsi="http://www.w3.org/2001/XMLSchema-instance" xsi:schemaLocation="http://schema.primaresearch.org/PAGE/gts/pagecontent/2019-07-15 http://schema.primaresearch.org/PAGE/gts/pagecontent/2019-07-15/pagecontent.xsd">
  <Metadata>
	<Creator>escriptorium</Creator>
	<Created>2025-10-15T20:24:06.734502+00:00</Created>
        <LastChange>2025-10-15T20:24:06.734536+00:00</LastChange>

  </Metadata>
  <Page imageFilename="620416201_MS0742_0766_0048A.jpg" imageWidth="3104" imageHeight="4140">

    
    <TextRegion id="eSc_textblock_e6c536e2"  custom="structure {type:text;}">
      <Coords points="1638,634 1734,653 1755,818 1872,846 1836,984 1854,1138 1780,1223 1790,1340 1734,1453 1734,1580 1771,1646 1762,1754 1928,1830 1919,1902 1838,1920 1799,1994 1716,2042 1716,2122 1826,2217 1826,2288 1744,2355 1725,2472 1900,2557 1891,2638 1737,2684 1679,2769 1679,2895 1753,2953 1771,3015 1707,3042 147,3070 119,3033 119,2585 92,2509 110,1637 82,1232 184,1186 165,1122 110,1092 110,745 358,708 1495,708 1578,699 1638,634"/>
      
      
      <TextLine id="eSc_line_fd5824aa" custom="structure {type:default;}">
        <Coords points="181,733 158,736 135,738 138,781 138,791 377,802 379,802 381,802 384,802 398,791 400,791 492,791 499,791 549,802 552,802 687,791 701,791 704,791 727,802 729,802 731,802 796,791 800,791 823,802 826,802 828,802 892,791 899,791 906,791 1000,802 1003,802 1065,791 1069,791 1076,791 1217,802 1219,802 1279,791 1306,802 1309,802 1311,802 1313,802 1348,791 1410,802 1412,802 1415,802 1454,791 1495,802 1497,802 1500,802 1640,788 1642,775 1640,729 1606,715 1603,715 1601,715 1491,729 1458,715 1456,715 1454,715 1451,715 1408,729 1277,729 1258,715 1256,715 1254,715 1251,715 1249,715 1203,729 1115,715 1026,715 1023,715 1021,715 1019,715 996,729 922,715 920,715 918,715 878,729 876,731 816,731 816,729 800,715 798,715 796,715 793,715 644,729 632,729 630,729 595,717 593,717 591,717 531,729 529,729 526,729 513,715 510,715 508,715 432,715 430,715 427,715 425,715 425,717 414,729 411,729 204,729 181,733"/>
        <Baseline points="138,781 600,770 1642,775"/>
        <TextEquiv conf="0.9941931755043739">
          <Unicode>Eet par deuant claine qui le corps at loiel</Unicode>
        </TextEquiv>
      </TextLine>

      
      
      <TextLine id="eSc_line_6f8c3944" custom="structure {type:default;}">
        <Coords points="1263,775 1240,775 1228,775 1173,791 1021,781 1019,781 1017,781 1014,781 1000,795 920,795 901,779 901,777 899,777 897,777 895,777 890,777 821,788 798,779 793,777 791,777 789,777 669,779 667,779 664,779 664,781 651,793 467,784 441,784 439,784 427,784 296,804 236,791 234,791 232,791 230,791 227,791 204,807 135,791 138,846 140,876 193,860 260,869 262,869 398,855 515,869 517,869 662,850 757,850 770,862 773,862 775,862 777,862 780,862 782,862 807,846 922,846 1007,857 1010,857 1012,857 1033,846 1046,860 1049,860 1051,860 1053,860 1159,844 1242,855 1244,855 1546,841 1564,850 1566,850 1569,850 1571,850 1573,850 1592,837 1707,848 1711,818 1705,763 1573,784 1352,777 1350,777 1348,777 1309,788 1267,775 1263,775"/>
        <Baseline points="138,846 1711,818"/>
        <TextEquiv conf="0.96652791943661">
          <Unicode>Sy a rrenchiet le bae et puis de sen mantel</Unicode>
        </TextEquiv>
      </TextLine>

      
      
      <TextLine id="eSc_line_0cbbca57" custom="structure {type:default;}">
        <Coords points="1836,837 1813,832 1806,830 1682,844 1573,830 1539,827 1537,827 1534,827 1532,827 1527,832 1511,844 1449,832 1426,830 1424,830 1378,834 1265,846 1224,837 1205,832 1203,832 1201,832 1198,832 1187,837 1166,848 1065,848 1051,839 1042,832 1040,832 1037,832 1030,832 1007,832 984,832 961,832 938,832 915,834 892,834 869,834 853,834 803,844 784,846 775,844 750,837 731,837 729,837 717,846 708,848 536,848 460,848 427,841 409,841 386,844 368,844 361,850 257,850 243,846 225,846 202,846 179,846 179,846 181,896 181,922 381,908 409,917 411,917 414,917 416,917 439,906 591,917 641,919 644,919 646,919 648,919 653,915 669,901 706,915 720,919 722,919 724,919 727,919 729,919 736,915 759,899 1208,899 1247,906 1300,917 1302,917 1304,917 1339,906 1346,903 1352,906 1392,915 1394,915 1396,915 1398,915 1401,915 1417,903 1426,896 1488,896 1500,903 1523,915 1525,915 1527,915 1610,901 1638,896 1649,901 1686,915 1688,915 1691,917 1799,917 1799,915 1801,915 1843,896 1843,885 1838,837 1836,837"/>
        <Baseline points="181,896 865,878 1843,885"/>
        <TextEquiv conf="0.9901038698661022">
          <Unicode>renchalyquons un pan ansy que ungdrapel</Unicode>
        </TextEquiv>
      </TextLine>

      
      
      <TextLine id="eSc_line_239666ae" custom="structure {type:default;}">
        <Coords points="1592,885 1569,885 1546,885 1523,885 1514,883 1233,896 1219,890 1210,883 1201,883 1191,880 1138,892 1127,892 1113,892 1019,883 1017,883 1014,883 1012,883 998,894 991,901 982,894 968,885 966,885 964,885 961,885 885,896 869,899 844,899 687,890 685,890 683,890 630,903 609,908 552,906 381,896 379,896 377,896 352,910 342,915 322,913 253,899 250,899 248,899 246,899 223,915 216,917 142,917 144,961 144,977 250,982 253,982 255,982 266,975 287,965 404,972 469,977 471,977 473,977 485,972 515,959 637,968 687,972 690,972 692,972 704,968 738,954 768,965 780,970 782,970 784,970 786,970 789,970 789,968 791,968 791,965 803,952 908,949 1007,961 1010,961 1012,961 1014,961 1044,947 1122,947 1136,959 1136,961 1138,961 1141,961 1143,961 1159,959 1228,947 1286,956 1290,956 1293,956 1295,956 1297,956 1320,942 1357,956 1362,956 1364,956 1366,956 1603,949 1603,931 1599,885 1592,885"/>
        <Baseline points="144,961 895,931 1603,931"/>
        <TextEquiv conf="0.968224580350675">
          <Unicode>dedens ly enuolirpa la yot doel nouurl</Unicode>
        </TextEquiv>
      </TextLine>

      
      
      <TextLine id="eSc_line_da0b91cb" custom="structure {type:default;}">
        <Coords points="133,1021 133,1041 1799,995 1801,979 1794,926 1695,947 1622,933 1619,933 1617,933 1571,952 1463,952 1428,938 1426,938 1424,938 1325,956 1184,947 1182,947 1180,947 1143,961 1099,945 1097,945 1095,945 1014,965 832,968 717,954 713,954 710,954 708,954 706,954 678,972 536,959 529,959 526,959 524,959 522,959 478,977 416,961 409,961 407,961 398,961 308,982 131,970 133,1021"/>
        <Baseline points="133,1021 1801,979"/>
        <TextEquiv conf="0.9829657622005629">
          <Unicode>res il samloit adont par le corrs saint dennol</Unicode>
        </TextEquiv>
      </TextLine>

      
      
      <TextLine id="eSc_line_36222e72" custom="structure {type:default;}">
        <Coords points="1120,998 1118,998 1099,1005 1065,1016 973,1007 915,1002 913,1002 911,1002 908,1002 899,1009 883,1018 851,1011 828,1005 826,1005 823,1005 821,1005 793,1011 768,1018 745,1014 720,1007 717,1007 715,1007 713,1007 699,1014 683,1023 628,1016 586,1011 584,1011 582,1011 556,1018 526,1025 508,1018 490,1011 480,1014 476,1014 469,1021 462,1028 135,1028 138,1071 138,1097 241,1106 243,1106 246,1106 273,1094 285,1090 308,1094 368,1104 370,1104 372,1104 409,1090 446,1078 469,1090 494,1101 497,1101 499,1101 501,1101 533,1087 547,1083 568,1087 586,1090 589,1090 618,1085 704,1069 844,1069 862,1078 865,1081 867,1081 869,1081 872,1081 874,1081 878,1078 899,1067 1065,1067 1079,1074 1088,1081 1090,1081 1092,1081 1095,1081 1097,1081 1111,1074 1127,1064 1168,1071 1212,1078 1214,1078 1217,1078 1233,1069 1258,1090 1260,1090 1263,1090 1265,1090 1267,1090 1309,1067 1320,1062 1401,1064 1405,1064 1426,1083 1426,1085 1428,1085 1431,1085 1433,1085 1507,1074 1523,1085 1525,1085 1527,1085 1530,1085 1688,1083 1691,1083 1764,1055 1764,1041 1757,988 1663,991 1661,991 1658,991 1640,1005 1564,993 1548,991 1546,991 1543,991 1537,993 1507,1002 1470,995 1458,993 1456,993 1454,993 1451,993 1449,995 1431,1007 1355,998 1329,995 1327,995 1325,995 1323,995 1318,998 1302,1009 1288,1000 1286,998 1283,998 1281,998 1279,998 1277,998 1274,998 1272,1000 1251,1014 1164,1002 1122,998 1120,998"/>
        <Baseline points="138,1071 492,1069 964,1048 1764,1041"/>
        <TextEquiv conf="0.9792210079729557">
          <Unicode>Eur le belle marie ne dõnast ung Iuisel</Unicode>
        </TextEquiv>
      </TextLine>

      
      
      <TextLine id="eSc_line_1b15e4d4" custom="structure {type:default;}">
        <Coords points="1829,1081 1732,1064 1730,1064 1728,1064 1691,1078 1617,1067 1615,1067 1553,1081 1548,1081 1546,1081 1523,1060 1520,1060 1518,1060 1516,1060 1514,1060 1472,1081 1468,1083 1426,1083 1424,1081 1398,1060 1396,1060 1394,1060 1392,1060 1274,1078 1256,1064 1256,1062 1254,1062 1251,1062 1095,1062 1092,1062 1090,1062 1035,1081 1017,1085 998,1081 954,1064 952,1064 950,1064 768,1067 766,1067 763,1067 747,1078 736,1087 669,1087 660,1078 644,1067 641,1067 639,1067 637,1067 635,1067 586,1078 545,1092 310,1092 296,1078 294,1131 299,1159 317,1143 365,1156 381,1161 384,1161 386,1163 503,1163 503,1161 563,1154 676,1140 796,1150 798,1150 800,1150 846,1138 908,1150 947,1156 950,1156 996,1147 1063,1136 1267,1136 1297,1145 1323,1152 1325,1152 1327,1152 1431,1147 1433,1147 1435,1147 1442,1143 1456,1133 1481,1143 1514,1152 1516,1152 1518,1152 1833,1136 1833,1117 1829,1081"/>
        <Baseline points="294,1131 1833,1117"/>
        <TextEquiv conf="0.9932063429854637">
          <Unicode>y contes de clochestre le diestre brac copa</Unicode>
        </TextEquiv>
      </TextLine>

      
      
      <TextLine id="eSc_line_f1a3dd7d" custom="structure {type:default;}">
        <Coords points="1270,1124 1247,1124 1235,1133 1228,1138 1194,1133 1111,1124 1109,1124 1086,1124 1081,1124 1069,1136 1060,1145 982,1145 973,1136 964,1129 964,1127 961,1127 959,1127 947,1127 924,1127 911,1127 908,1127 906,1127 872,1136 844,1145 828,1138 812,1129 809,1129 807,1129 805,1129 803,1129 791,1138 773,1150 704,1138 671,1133 669,1133 667,1133 664,1133 664,1136 660,1138 644,1154 586,1154 566,1140 563,1136 561,1136 559,1136 556,1136 554,1136 540,1140 480,1156 280,1143 283,1200 283,1214 1456,1184 1456,1175 1451,1133 1318,1136 1309,1133 1283,1124 1270,1124"/>
        <Baseline points="283,1200 1109,1175 1456,1175"/>
        <TextEquiv conf="0.9973460107014097">
          <Unicode>le meche le belle ⁊ elame sua</Unicode>
        </TextEquiv>
      </TextLine>

      
      
      <TextLine id="eSc_line_65489523" custom="structure {type:default;}">
        <Coords points="156,1274 158,1299 193,1285 223,1297 227,1299 230,1299 232,1299 234,1299 236,1299 236,1297 239,1297 250,1283 303,1294 317,1297 319,1297 322,1297 324,1297 326,1294 340,1285 379,1292 398,1294 400,1294 402,1294 404,1294 409,1292 427,1278 467,1290 480,1292 483,1292 485,1292 487,1292 490,1292 494,1288 513,1274 568,1274 623,1283 646,1288 648,1288 676,1283 727,1271 766,1278 789,1283 791,1283 835,1276 915,1265 952,1274 975,1278 977,1278 980,1278 1021,1271 1053,1265 1076,1269 1102,1274 1104,1274 1106,1274 1125,1267 1150,1258 1231,1265 1309,1269 1311,1269 1313,1269 1316,1269 1316,1267 1323,1260 1332,1253 1378,1258 1426,1265 1428,1265 1652,1248 1652,1239 1647,1193 1477,1196 1419,1179 1417,1179 1415,1179 1412,1179 1373,1200 1341,1186 1339,1186 1336,1186 1334,1186 1302,1200 1231,1184 1228,1184 1037,1209 984,1191 982,1191 980,1191 885,1196 883,1196 881,1196 858,1214 768,1198 766,1198 763,1198 722,1219 598,1202 595,1202 593,1202 547,1223 444,1207 441,1207 439,1207 437,1207 411,1225 363,1209 361,1209 358,1209 356,1209 289,1230 165,1223 163,1223 161,1223 158,1223 158,1225 156,1225 154,1225 156,1274"/>
        <Baseline points="156,1274 1189,1239 1652,1239"/>
        <TextEquiv conf="0.9841914504766465">
          <Unicode>t dist coutees roious Ia tout che nauera</Unicode>
        </TextEquiv>
      </TextLine>

      
      
      <TextLine id="eSc_line_e3b1649c" custom="structure {type:default;}">
        <Coords points="1633,1242 1610,1242 1606,1242 1571,1248 1539,1253 1520,1248 1495,1242 1493,1242 1491,1242 1447,1251 1394,1262 1272,1255 1191,1251 1189,1251 1187,1251 1184,1251 1175,1258 1157,1271 908,1278 743,1269 699,1267 697,1267 694,1267 692,1267 690,1269 667,1288 487,1292 432,1276 427,1276 425,1276 423,1276 421,1276 418,1276 391,1292 329,1283 326,1283 324,1283 273,1299 223,1283 220,1283 218,1283 138,1283 142,1343 142,1366 172,1380 174,1380 177,1380 179,1380 181,1380 204,1361 216,1354 340,1354 349,1359 365,1373 368,1373 370,1373 372,1375 421,1375 421,1373 545,1366 547,1366 549,1366 566,1354 577,1347 591,1354 621,1366 623,1366 625,1366 763,1361 766,1361 768,1361 784,1350 791,1345 805,1350 839,1359 842,1359 844,1359 895,1347 931,1338 947,1345 966,1354 968,1354 971,1354 973,1354 1005,1345 1056,1329 1097,1343 1120,1350 1122,1350 1125,1350 1127,1350 1129,1350 1129,1347 1136,1340 1152,1327 1385,1331 1387,1331 1389,1331 1417,1320 1451,1331 1454,1331 1456,1331 1458,1331 1495,1315 1534,1327 1537,1327 1539,1327 1619,1311 1755,1327 1757,1290 1751,1244 1705,1251 1672,1244 1633,1237 1633,1242"/>
        <Baseline points="142,1343 1757,1290"/>
        <TextEquiv conf="0.9862831060479327">
          <Unicode>Due uostre meche muuire que deseruy ne la</Unicode>
        </TextEquiv>
      </TextLine>

      
      
      <TextLine id="eSc_line_9960027f" custom="structure {type:default;}">
        <Coords points="138,1437 172,1453 174,1453 177,1453 260,1432 276,1430 289,1432 370,1446 372,1446 448,1432 531,1442 533,1442 653,1419 669,1416 671,1419 694,1435 697,1435 699,1435 701,1435 704,1435 706,1435 736,1416 743,1414 780,1414 915,1419 918,1419 1005,1407 1021,1405 1030,1405 1099,1421 1102,1421 1104,1421 1106,1421 1129,1405 1300,1407 1302,1407 1304,1407 1355,1393 1359,1393 1362,1393 1387,1405 1389,1405 1392,1405 1394,1405 1396,1405 1415,1391 1417,1391 1421,1391 1486,1407 1488,1407 1491,1407 1541,1396 1661,1403 1663,1403 1665,1403 1739,1380 1739,1366 1737,1329 1675,1311 1672,1311 1670,1311 1668,1311 1599,1331 1589,1334 1580,1331 1530,1315 1527,1315 1525,1315 1523,1315 1484,1334 1477,1336 1470,1334 1426,1320 1424,1320 1421,1320 1352,1336 1323,1343 1288,1338 1219,1327 1217,1327 1214,1327 1212,1327 1198,1340 1187,1347 1109,1347 1102,1343 1090,1331 1088,1331 1086,1331 1083,1331 1081,1331 1060,1343 1042,1352 1026,1343 1007,1334 1005,1334 1003,1334 1000,1334 973,1345 971,1345 966,1345 927,1336 924,1336 922,1336 885,1347 855,1354 800,1347 750,1343 747,1343 745,1343 717,1350 658,1366 575,1357 572,1357 322,1377 292,1361 289,1361 287,1361 285,1361 253,1375 135,1363 138,1421 138,1437"/>
        <Baseline points="138,1421 957,1386 1739,1366"/>
        <TextEquiv conf="0.9826171043756846">
          <Unicode>Mes iou qui mori doy mendre Baison ya</Unicode>
        </TextEquiv>
      </TextLine>

      
      
      <TextLine id="eSc_line_635b66f5" custom="structure {type:default;}">
        <Coords points="131,1472 131,1501 276,1485 306,1499 308,1499 310,1499 312,1499 315,1499 317,1499 317,1497 333,1483 430,1494 460,1497 462,1497 464,1497 480,1492 524,1481 593,1488 630,1492 632,1492 635,1492 646,1488 669,1474 750,1483 796,1488 798,1488 858,1478 911,1472 931,1476 954,1483 957,1483 959,1483 961,1483 977,1476 996,1465 1037,1474 1069,1478 1072,1478 1109,1469 1157,1460 1221,1467 1297,1474 1300,1474 1302,1474 1348,1462 1385,1453 1633,1453 1635,1430 1631,1398 1295,1391 1293,1391 1138,1412 1122,1412 1109,1412 961,1400 959,1400 957,1400 906,1414 869,1405 867,1405 865,1405 747,1421 717,1407 715,1407 713,1407 710,1407 708,1407 690,1423 648,1412 646,1412 644,1412 545,1428 538,1430 455,1430 453,1430 439,1419 437,1419 434,1419 432,1419 306,1432 264,1421 262,1421 260,1421 177,1437 156,1423 154,1423 151,1423 149,1423 147,1423 144,1423 128,1432 131,1472"/>
        <Baseline points="131,1472 1635,1430"/>
        <TextEquiv conf="0.985474977737818">
          <Unicode>Damne che dist ly contes ma cousme mora</Unicode>
        </TextEquiv>
      </TextLine>

      
      
      <TextLine id="eSc_line_bf39fe87" custom="structure {type:default;}">
        <Coords points="165,1522 165,1545 743,1547 745,1547 747,1547 770,1538 786,1531 906,1536 1033,1540 1035,1540 1095,1534 1175,1522 1201,1531 1212,1536 1214,1536 1217,1536 1325,1534 1327,1534 1329,1534 1334,1529 1357,1515 1421,1515 1468,1527 1474,1529 1477,1529 1479,1529 1495,1527 1566,1515 1629,1524 1633,1494 1629,1455 1435,1449 1433,1449 1431,1449 1428,1449 1428,1451 1419,1458 1410,1467 1380,1458 1352,1451 1350,1451 1348,1451 1346,1451 1323,1460 1295,1469 1217,1460 1201,1460 1198,1460 1196,1460 1194,1460 1178,1472 1129,1462 1102,1458 1099,1458 1097,1458 1076,1462 1026,1478 943,1478 924,1465 920,1462 918,1462 915,1462 913,1462 911,1462 904,1465 878,1478 589,1476 586,1476 450,1490 163,1478 165,1522"/>
        <Baseline points="165,1522 607,1524 1633,1494"/>
        <TextEquiv conf="0.9851572742828956">
          <Unicode>Et uous escaperes mon corps uous metera</Unicode>
        </TextEquiv>
      </TextLine>

      
      
      <TextLine id="eSc_line_55e11563" custom="structure {type:default;}">
        <Coords points="793,1520 791,1520 770,1529 761,1534 190,1534 193,1575 197,1605 211,1593 308,1593 319,1603 324,1607 326,1607 329,1607 331,1607 358,1603 418,1591 538,1600 591,1605 593,1605 662,1600 828,1586 895,1598 913,1600 915,1600 918,1600 922,1598 945,1586 1102,1596 1141,1598 1143,1598 1237,1596 1240,1596 1242,1596 1258,1582 1313,1596 1323,1596 1325,1596 1339,1593 1405,1584 1599,1591 1603,1559 1599,1527 1431,1513 1428,1513 1214,1527 1180,1529 1164,1527 1086,1517 1083,1517 1021,1529 1012,1529 984,1529 796,1520 793,1520"/>
        <Baseline points="193,1575 1603,1559"/>
        <TextEquiv conf="0.9874979665404872">
          <Unicode>en mer en ung batil con uous aprestera</Unicode>
        </TextEquiv>
      </TextLine>

      
      
      <TextLine id="eSc_line_79f6519b" custom="structure {type:default;}">
        <Coords points="154,1646 154,1665 1670,1642 1670,1623 1663,1580 1451,1589 1417,1580 1389,1573 1387,1573 1385,1573 1382,1573 1362,1582 1332,1591 1302,1582 1281,1575 1279,1575 1277,1575 1228,1582 1152,1593 1109,1582 1086,1577 1083,1577 1081,1577 1079,1577 1076,1577 1069,1582 1053,1598 968,1598 952,1584 950,1582 947,1582 945,1582 943,1582 929,1584 872,1598 832,1584 823,1582 821,1582 819,1582 816,1582 805,1584 752,1600 683,1586 669,1584 667,1584 664,1584 658,1586 600,1605 450,1605 411,1589 409,1589 407,1589 404,1589 402,1589 402,1591 386,1605 333,1589 331,1589 329,1589 326,1589 324,1589 310,1603 271,1591 269,1591 266,1591 264,1591 262,1591 241,1607 213,1591 211,1591 151,1591 154,1646"/>
        <Baseline points="154,1646 1670,1623"/>
        <TextEquiv conf="0.9926721860722798">
          <Unicode>Et uo deux enfanchous ou biaus ualetons a</Unicode>
        </TextEquiv>
      </TextLine>

      
      
      <TextLine id="eSc_line_1079b8f1" custom="structure {type:default;}">
        <Coords points="1603,1626 1585,1626 1530,1642 1523,1644 1325,1646 1320,1646 1288,1635 1286,1635 1283,1635 1152,1649 1129,1651 1122,1649 1088,1639 1086,1639 1083,1639 1081,1639 1056,1651 1051,1653 1040,1651 989,1642 987,1642 860,1655 754,1667 731,1658 713,1651 710,1651 708,1651 706,1651 704,1651 692,1660 671,1669 464,1665 379,1662 377,1662 345,1667 227,1685 154,1672 158,1724 158,1741 363,1750 365,1750 368,1750 423,1734 437,1731 453,1734 501,1741 503,1741 506,1741 508,1741 522,1731 529,1727 538,1731 568,1743 570,1743 572,1743 660,1727 694,1722 720,1727 773,1736 775,1736 777,1736 780,1736 793,1724 803,1718 844,1722 913,1731 915,1731 918,1731 920,1731 920,1729 931,1720 938,1715 991,1718 1019,1720 1021,1720 1023,1720 1030,1718 1058,1708 1090,1715 1097,1718 1099,1718 1102,1718 1161,1713 1398,1697 1465,1706 1507,1711 1509,1711 1744,1697 1746,1672 1744,1637 1679,1619 1677,1619 1675,1619 1672,1619 1670,1619 1670,1621 1652,1637 1622,1626 1603,1626"/>
        <Baseline points="158,1724 1746,1672"/>
        <TextEquiv conf="0.9672345649905321">
          <Unicode>Quant le roune let moult tendement p lora</Unicode>
        </TextEquiv>
      </TextLine>

      
      
      <TextLine id="eSc_line_ceee65ba" custom="structure {type:default;}">
        <Coords points="147,1789 147,1814 572,1800 575,1800 579,1798 609,1787 704,1793 750,1796 752,1796 754,1796 768,1791 796,1780 821,1789 837,1793 839,1793 842,1793 844,1793 872,1787 908,1775 1010,1780 1072,1782 1074,1782 1076,1782 1090,1775 1109,1768 1152,1773 1191,1777 1194,1777 1350,1764 1350,1745 1343,1690 1247,1706 1235,1697 1235,1695 1233,1695 1231,1695 1228,1695 1150,1697 1148,1697 1143,1697 1083,1715 1035,1701 1030,1701 1028,1701 1026,1701 1023,1701 1021,1701 1021,1704 1019,1704 1007,1718 761,1715 743,1715 740,1715 738,1715 736,1715 685,1729 658,1720 646,1715 644,1715 641,1715 639,1715 630,1720 607,1734 462,1736 437,1729 421,1724 418,1724 416,1724 375,1731 312,1743 144,1743 147,1789"/>
        <Baseline points="147,1789 1350,1745"/>
        <TextEquiv conf="0.9815129688807896">
          <Unicode>marie quert lansier et elle la cola</Unicode>
        </TextEquiv>
      </TextLine>

      
      
      <TextLine id="eSc_line_daa761d5" custom="structure {type:default;}">
        <Coords points="165,1851 165,1874 545,1867 547,1867 577,1858 602,1851 639,1856 685,1860 687,1860 690,1860 692,1860 704,1851 713,1846 784,1849 888,1851 890,1851 991,1839 1040,1833 1053,1835 1086,1844 1088,1844 1090,1844 1092,1844 1134,1833 1148,1828 1171,1830 1240,1837 1242,1837 1431,1816 1431,1803 1424,1764 1251,1768 1219,1757 1217,1757 1214,1757 1212,1757 1210,1757 1210,1759 1196,1773 1194,1773 1184,1773 1097,1764 1095,1764 1092,1764 1037,1780 1033,1780 1028,1780 984,1766 982,1766 980,1766 819,1775 816,1775 814,1775 800,1789 798,1789 793,1789 710,1777 708,1777 706,1777 704,1777 687,1789 618,1782 616,1782 614,1782 612,1782 612,1784 595,1798 591,1798 549,1784 547,1784 545,1784 543,1784 492,1800 485,1805 432,1805 427,1805 409,1791 407,1791 404,1791 402,1791 400,1791 398,1791 377,1807 375,1810 308,1810 306,1810 276,1796 273,1796 271,1796 161,1814 165,1851"/>
        <Baseline points="165,1851 600,1839 1166,1807 1431,1803"/>
        <TextEquiv conf="0.9879267674226028">
          <Unicode>le bonclie ly baisa con celle qui sauna</Unicode>
        </TextEquiv>
      </TextLine>

      
      
      <TextLine id="eSc_line_4dc05215" custom="structure {type:default;}">
        <Coords points="1905,1821 1817,1805 1815,1805 1813,1805 1737,1826 1728,1828 1705,1828 1663,1826 1640,1807 1638,1807 1635,1807 1633,1807 1451,1812 1449,1812 1389,1830 1334,1814 1332,1814 1329,1814 1327,1814 1283,1833 1184,1828 1182,1828 1180,1828 1141,1842 1136,1842 1132,1842 1058,1821 1056,1821 1053,1821 973,1837 943,1828 941,1828 938,1828 936,1828 872,1846 858,1851 849,1849 816,1835 814,1835 720,1833 706,1833 635,1853 621,1856 549,1856 315,1851 312,1851 193,1862 195,1906 195,1927 830,1922 832,1922 874,1911 895,1904 908,1908 938,1920 941,1920 943,1920 1030,1906 1097,1895 1145,1902 1208,1913 1210,1913 1212,1913 1214,1913 1235,1899 1247,1892 1281,1899 1332,1908 1334,1908 1336,1908 1339,1908 1355,1897 1364,1890 1382,1897 1424,1908 1426,1908 1428,1908 1431,1908 1433,1908 1454,1895 1468,1885 1520,1885 1585,1890 1640,1895 1642,1895 1755,1885 1799,1883 1806,1885 1849,1902 1852,1902 1854,1902 1856,1902 1916,1881 1916,1869 1914,1826 1905,1821"/>
        <Baseline points="195,1906 639,1902 1030,1874 1493,1858 1916,1869"/>
        <TextEquiv conf="0.9832740503808727">
          <Unicode>u brac que elle ot pardu que lyquous lytrẽcha</Unicode>
        </TextEquiv>
      </TextLine>

      
      
      <TextLine id="eSc_line_793d2d7c" custom="structure {type:default;}">
        <Coords points="174,1982 174,2000 356,2010 358,2010 517,1991 720,1996 722,1996 796,1980 1040,1984 1042,1984 1428,1954 1479,1952 1493,1952 1589,1964 1592,1964 1594,1964 1596,1964 1617,1948 1787,1941 1787,1920 1783,1883 1488,1881 1486,1881 1484,1881 1481,1881 1465,1895 1442,1883 1440,1883 1438,1883 1366,1897 1336,1904 1306,1899 1226,1890 1224,1890 1221,1890 1219,1890 1201,1904 1194,1908 1148,1906 1088,1904 1086,1904 1083,1904 1058,1911 1035,1915 1010,1911 943,1902 941,1902 938,1902 913,1915 901,1922 826,1922 821,1920 803,1906 800,1906 798,1906 796,1906 793,1906 745,1922 740,1922 738,1922 699,1911 697,1911 694,1911 692,1911 690,1911 669,1925 660,1931 416,1938 402,1936 358,1922 356,1922 354,1922 352,1922 317,1938 310,1941 306,1938 276,1927 273,1927 271,1927 172,1943 174,1982"/>
        <Baseline points="174,1982 616,1975 892,1954 1787,1920"/>
        <TextEquiv conf="0.9741544679897588">
          <Unicode> fu pite moult grande que bien le regarda</Unicode>
        </TextEquiv>
      </TextLine>

      
      
      <TextLine id="eSc_line_380b8297" custom="structure {type:default;}">
        <Coords points="595,1977 584,1977 579,1980 552,1994 520,1982 513,1980 510,1980 508,1980 506,1980 503,1980 501,1982 478,1998 340,2003 283,1989 280,1989 278,1989 156,1989 161,2044 161,2074 239,2060 398,2065 450,2065 453,2065 455,2065 457,2065 462,2060 476,2051 485,2060 487,2063 490,2063 492,2063 494,2063 513,2058 559,2049 708,2051 844,2051 846,2051 927,2040 984,2033 1058,2035 1189,2037 1191,2037 1332,2021 1362,2019 1371,2019 1417,2030 1419,2030 1421,2030 1472,2014 1472,1996 1470,1961 1438,1945 1435,1945 1433,1945 1431,1945 1405,1957 1375,1948 1373,1948 1371,1948 1369,1948 1366,1948 1366,1950 1350,1964 1346,1966 1329,1964 1231,1952 1228,1952 1226,1952 1182,1968 1171,1971 1122,1968 1051,1966 1049,1966 1017,1971 973,1980 961,1973 954,1966 952,1966 950,1966 947,1966 945,1966 929,1973 906,1982 844,1975 784,1968 782,1968 729,1977 655,1991 616,1980 602,1975 595,1977"/>
        <Baseline points="161,2044 621,2037 1053,2010 1472,1996"/>
        <TextEquiv conf="0.9950014866060681">
          <Unicode>y dutes de clochestre a crier ꝯmanda</Unicode>
        </TextEquiv>
      </TextLine>

      
      
      <TextLine id="eSc_line_c973812c" custom="structure {type:default;}">
        <Coords points="441,2042 439,2042 437,2042 434,2042 416,2056 349,2046 347,2046 241,2063 140,2053 142,2097 142,2132 306,2127 308,2127 335,2113 370,2125 372,2125 375,2125 377,2125 379,2125 404,2106 490,2120 499,2120 501,2120 503,2120 506,2120 506,2118 524,2106 547,2118 549,2118 552,2118 554,2118 685,2113 687,2113 694,2111 720,2099 777,2106 800,2109 803,2109 805,2109 814,2104 837,2095 890,2102 915,2104 918,2104 920,2104 922,2104 927,2099 945,2086 1056,2095 1104,2097 1106,2097 1109,2097 1129,2090 1168,2079 1205,2088 1221,2090 1224,2090 1249,2086 1313,2072 1585,2072 1587,2053 1583,2003 552,2051 448,2042 441,2042"/>
        <Baseline points="142,2097 566,2090 1352,2053 1587,2053"/>
        <TextEquiv conf="0.9976707986883215">
          <Unicode>Qui lendemain matin en une ille uenra</Unicode>
        </TextEquiv>
      </TextLine>

      
      
      <TextLine id="eSc_line_2c31b48f" custom="structure {type:default;}">
        <Coords points="1562,2056 1550,2056 1500,2072 1468,2058 1465,2058 1463,2058 1405,2060 1403,2060 1401,2060 1401,2063 1398,2063 1387,2076 1247,2067 1244,2067 1242,2067 1240,2067 1217,2083 1134,2072 1132,2072 1129,2072 1127,2072 1109,2086 1033,2076 1030,2076 1028,2076 1026,2076 1003,2095 945,2097 800,2102 798,2102 701,2090 699,2090 697,2090 694,2090 669,2106 579,2099 577,2099 575,2099 515,2113 432,2102 430,2102 352,2120 301,2109 299,2109 296,2109 294,2109 292,2109 264,2125 264,2127 161,2129 163,2164 167,2201 218,2182 287,2196 303,2198 306,2198 308,2198 315,2194 347,2178 391,2191 393,2191 395,2191 398,2191 400,2191 402,2191 437,2173 515,2187 538,2189 540,2189 543,2189 545,2189 549,2185 566,2171 589,2182 591,2182 593,2182 595,2182 651,2164 745,2171 747,2171 862,2155 901,2168 913,2173 915,2173 918,2173 920,2173 938,2168 1003,2150 1058,2162 1076,2166 1079,2166 1166,2159 1168,2159 1171,2159 1173,2157 1196,2143 1226,2155 1235,2159 1237,2159 1240,2159 1242,2159 1263,2155 1318,2139 1396,2148 1401,2148 1403,2148 1405,2148 1408,2148 1408,2145 1424,2132 1465,2132 1481,2145 1484,2145 1484,2148 1486,2148 1488,2148 1491,2148 1564,2145 1566,2145 1578,2141 1606,2127 1649,2136 1652,2106 1645,2067 1589,2067 1571,2056 1562,2056"/>
        <Baseline points="163,2164 1279,2113 1652,2106"/>
        <TextEquiv conf="0.9790271651454088">
          <Unicode>Le quelle par droit non ly sergans deuisa</Unicode>
        </TextEquiv>
      </TextLine>

      
      
      <TextLine id="eSc_line_e0af8c3d" custom="structure {type:default;}">
        <Coords points="154,2240 1120,2226 1122,2226 1125,2226 1145,2212 1364,2205 1364,2194 1357,2159 1290,2159 1288,2159 1263,2143 1260,2143 1258,2143 1256,2143 1254,2143 1251,2143 1231,2157 1155,2145 1152,2145 1150,2145 1111,2162 1099,2166 1090,2162 1060,2148 1058,2148 1056,2148 1053,2148 1026,2162 1012,2171 908,2171 878,2164 832,2155 830,2155 828,2155 786,2166 775,2168 768,2166 745,2157 743,2157 740,2157 738,2157 736,2157 724,2166 708,2180 632,2180 598,2168 579,2162 577,2162 575,2162 572,2162 570,2162 570,2164 563,2168 547,2185 473,2185 457,2171 455,2168 455,2166 453,2166 450,2166 448,2166 340,2168 338,2168 329,2171 296,2185 243,2173 230,2171 227,2171 225,2171 213,2173 167,2187 154,2173 154,2228 154,2240"/>
        <Baseline points="154,2228 1364,2194"/>
        <TextEquiv conf="0.9680435005575418">
          <Unicode>Rlaine le roine ardoir il y uera</Unicode>
        </TextEquiv>
      </TextLine>

      
      
      <TextLine id="eSc_line_376e58d3" custom="structure {type:default;}">
        <Coords points="172,2300 172,2332 248,2329 250,2329 253,2329 278,2309 441,2323 457,2323 460,2323 462,2323 464,2323 464,2320 480,2309 522,2318 531,2320 533,2320 536,2320 545,2318 630,2295 687,2311 690,2311 692,2311 694,2311 697,2311 724,2293 823,2306 855,2311 858,2311 860,2311 885,2304 959,2286 1023,2300 1030,2300 1033,2300 1042,2297 1115,2281 1161,2293 1168,2295 1171,2295 1173,2295 1175,2295 1178,2295 1180,2293 1201,2279 1247,2288 1249,2288 1497,2272 1527,2279 1562,2288 1564,2288 1566,2288 1658,2274 1702,2267 1723,2272 1774,2283 1776,2283 1778,2283 1813,2267 1813,2256 1806,2208 1665,2210 1629,2194 1626,2194 1624,2194 1486,2214 1472,2217 1465,2217 1398,2201 1396,2201 1327,2203 1325,2203 1323,2203 1302,2221 1300,2221 1260,2205 1258,2205 1256,2205 1254,2205 1251,2205 1251,2208 1235,2221 1233,2224 1219,2224 1095,2210 1092,2210 1090,2210 1088,2210 1065,2226 1017,2212 1014,2212 1012,2212 1010,2212 1007,2212 987,2226 906,2217 904,2217 901,2217 899,2217 874,2233 849,2219 846,2219 844,2219 773,2233 708,2221 706,2221 704,2221 641,2237 575,2226 572,2226 570,2226 568,2226 547,2242 543,2244 517,2242 430,2235 427,2235 425,2235 398,2247 393,2247 388,2247 331,2233 329,2233 326,2233 285,2249 283,2251 170,2251 172,2300"/>
        <Baseline points="172,2300 1208,2260 1813,2256"/>
        <TextEquiv conf="0.982983087003231">
          <Unicode>he dieuquẽ le chite qrant do leuronmena</Unicode>
        </TextEquiv>
      </TextLine>

      
      
      <TextLine id="eSc_line_d9b1ebea" custom="structure {type:default;}">
        <Coords points="1477,2260 1454,2260 1431,2260 1392,2263 1389,2263 1357,2279 1352,2281 1348,2281 1300,2265 1297,2265 1295,2265 1293,2265 1240,2283 1231,2286 1191,2286 1012,2279 1010,2279 1007,2279 1005,2279 1005,2281 1003,2281 994,2293 991,2297 947,2297 938,2293 895,2281 892,2281 890,2281 888,2281 885,2281 867,2295 860,2300 839,2297 759,2286 757,2286 754,2286 704,2297 641,2290 639,2290 637,2290 635,2290 612,2304 607,2304 540,2295 538,2295 536,2295 533,2295 533,2297 522,2306 515,2313 455,2309 342,2302 340,2302 338,2302 303,2316 280,2323 165,2320 170,2369 170,2396 347,2375 421,2387 464,2392 467,2392 469,2392 471,2392 483,2382 501,2371 554,2369 572,2380 577,2382 579,2382 582,2382 584,2382 639,2375 768,2359 798,2369 816,2375 819,2375 821,2375 1171,2364 1173,2364 1175,2364 1191,2350 1205,2343 1302,2346 1375,2348 1378,2348 1380,2348 1398,2341 1421,2334 1438,2341 1461,2348 1463,2348 1509,2350 1511,2350 1514,2350 1516,2350 1516,2348 1532,2336 1534,2334 1539,2336 1596,2348 1599,2348 1700,2327 1702,2316 1695,2270 1548,2272 1486,2260 1477,2260"/>
        <Baseline points="170,2369 1231,2323 1702,2316"/>
        <TextEquiv conf="0.9964609912463597">
          <Unicode>Cont contre ual le uille sy grande doliura</Unicode>
        </TextEquiv>
      </TextLine>

      
      
      <TextLine id="eSc_line_0aaf84b3" custom="structure {type:default;}">
        <Coords points="151,2424 151,2440 345,2444 347,2444 349,2444 370,2435 375,2433 379,2435 407,2444 409,2444 411,2444 414,2444 457,2433 473,2428 487,2431 536,2442 538,2442 540,2442 577,2428 586,2426 600,2428 667,2440 669,2440 671,2440 704,2424 710,2419 927,2417 931,2419 964,2433 966,2433 968,2433 1049,2419 1217,2428 1219,2428 1297,2412 1398,2421 1401,2421 1403,2421 1438,2403 1438,2394 1433,2357 906,2355 904,2355 901,2355 865,2369 860,2369 853,2369 786,2357 784,2357 149,2382 151,2424"/>
        <Baseline points="151,2424 674,2405 1438,2394"/>
        <TextEquiv conf="0.990601942394719">
          <Unicode>bt ronte le cliite ⁊ teusye souna</Unicode>
        </TextEquiv>
      </TextLine>

      
      
      <TextLine id="eSc_line_644f17a9" custom="structure {type:default;}">
        <Coords points="177,2490 177,2520 342,2500 457,2511 460,2511 462,2511 510,2493 676,2490 690,2502 692,2502 694,2502 697,2502 699,2502 727,2490 798,2502 823,2504 826,2504 828,2504 830,2504 830,2502 832,2502 832,2500 842,2490 865,2500 876,2502 878,2502 881,2502 883,2502 885,2502 890,2497 913,2484 1148,2488 1258,2490 1260,2490 1293,2484 1339,2472 1359,2481 1378,2488 1380,2488 1382,2488 1440,2479 1474,2472 1479,2477 1488,2484 1491,2484 1493,2484 1495,2484 1640,2470 1642,2449 1638,2412 1479,2392 1477,2392 1343,2415 1313,2421 1134,2424 1120,2417 1090,2403 1088,2403 1086,2403 1083,2403 1021,2419 1000,2424 977,2419 915,2408 913,2408 855,2421 832,2426 809,2421 768,2412 766,2412 763,2412 743,2421 727,2431 706,2424 683,2415 681,2415 678,2415 676,2415 646,2424 609,2435 584,2424 572,2419 570,2419 501,2419 499,2419 497,2419 480,2426 462,2433 437,2426 425,2424 423,2424 421,2424 418,2424 416,2424 414,2426 400,2438 358,2428 352,2426 349,2426 347,2426 345,2426 342,2426 342,2428 315,2447 280,2438 278,2438 276,2438 273,2438 271,2438 253,2449 174,2431 177,2490"/>
        <Baseline points="177,2490 908,2463 1642,2449"/>
        <TextEquiv conf="0.9928471675285926">
          <Unicode>y coutes de clochestre le mutie apresta</Unicode>
        </TextEquiv>
      </TextLine>

      
      
      <TextLine id="eSc_line_39953de3" custom="structure {type:default;}">
        <Coords points="188,2557 188,2571 260,2580 262,2580 312,2569 349,2562 395,2566 446,2573 448,2573 559,2564 681,2553 784,2557 855,2562 858,2562 860,2562 885,2555 936,2543 1026,2553 1058,2555 1060,2555 1063,2555 1065,2555 1069,2553 1090,2536 1306,2532 1415,2543 1421,2543 1424,2543 1426,2543 1428,2543 1456,2527 1470,2541 1472,2541 1474,2541 1477,2541 1668,2536 1668,2516 1661,2472 1410,2477 1334,2461 1332,2461 1224,2481 1203,2465 1201,2465 1198,2465 1196,2465 1113,2479 1088,2467 1086,2467 1083,2467 1081,2467 1005,2490 966,2479 964,2479 961,2479 959,2479 931,2493 929,2495 784,2497 713,2479 710,2479 708,2479 706,2479 704,2479 683,2497 664,2488 662,2488 660,2488 658,2488 655,2488 632,2502 570,2486 568,2486 499,2486 497,2486 494,2486 492,2486 492,2488 473,2502 414,2488 411,2488 409,2488 354,2509 289,2495 287,2495 285,2495 283,2495 257,2516 186,2516 188,2557"/>
        <Baseline points="188,2557 1053,2520 1668,2516"/>
        <TextEquiv conf="0.9747921902882425">
          <Unicode>duct uatel en le mer ⁊ par dedens nusa</Unicode>
        </TextEquiv>
      </TextLine>

      
      
      <TextLine id="eSc_line_f61a03be" custom="structure {type:default;}">
        <Coords points="1884,2562 1714,2543 1711,2543 1709,2543 1670,2564 1665,2566 1382,2566 1378,2564 1346,2546 1343,2546 1341,2546 1339,2546 1290,2564 1283,2566 1164,2566 1159,2564 1136,2548 1134,2548 1132,2548 1129,2548 1127,2548 1125,2548 1106,2562 1042,2546 1040,2546 998,2546 996,2546 994,2546 991,2546 968,2564 966,2564 945,2564 757,2546 582,2546 579,2546 577,2546 554,2557 460,2548 457,2548 388,2564 381,2564 375,2564 335,2550 333,2553 310,2553 289,2553 273,2564 271,2564 195,2564 197,2617 197,2645 388,2624 430,2638 432,2638 434,2638 437,2638 476,2624 899,2624 941,2645 943,2645 945,2645 947,2645 950,2645 1005,2628 1049,2640 1051,2640 1053,2640 1129,2628 1173,2645 1175,2645 1178,2645 1180,2645 1182,2645 1184,2645 1233,2624 1272,2640 1274,2640 1277,2640 1279,2640 1336,2624 1389,2645 1392,2645 1394,2645 1396,2645 1398,2645 1401,2645 1426,2631 1458,2645 1461,2645 1463,2645 1465,2647 1700,2647 1700,2645 1714,2642 1822,2626 1889,2642 1893,2605 1891,2573 1884,2562"/>
        <Baseline points="197,2617 757,2599 1893,2605"/>
        <TextEquiv conf="0.9864822287451137">
          <Unicode>dame de bõnaire et les deux firus que ellea</Unicode>
        </TextEquiv>
      </TextLine>

      
      
      <TextLine id="eSc_line_d3a3bc29" custom="structure {type:default;}">
        <Coords points="193,2691 193,2718 404,2697 497,2697 529,2711 536,2714 538,2714 540,2714 543,2714 545,2714 547,2711 570,2695 658,2709 683,2711 685,2711 687,2711 690,2711 694,2707 720,2693 791,2700 793,2700 796,2700 835,2688 901,2700 904,2700 1026,2686 1058,2700 1067,2702 1069,2702 1072,2702 1099,2697 1173,2684 1203,2695 1205,2695 1208,2695 1212,2695 1274,2681 1290,2693 1297,2700 1300,2700 1302,2700 1304,2700 1456,2688 1456,2668 1451,2624 1302,2626 1293,2624 1228,2610 1226,2610 1224,2610 1182,2626 1175,2628 1155,2626 1065,2615 1063,2615 1060,2615 1058,2615 1058,2617 1046,2628 989,2628 947,2628 945,2628 860,2617 858,2617 855,2617 853,2617 837,2631 835,2633 828,2631 803,2622 800,2622 798,2622 796,2622 759,2631 745,2635 729,2633 685,2619 683,2619 681,2619 678,2619 653,2633 644,2638 600,2633 506,2624 503,2624 441,2635 416,2640 402,2635 375,2626 372,2626 370,2626 368,2626 333,2638 308,2647 269,2647 260,2638 248,2628 246,2628 243,2628 241,2628 190,2638 193,2691"/>
        <Baseline points="193,2691 837,2668 1456,2668"/>
        <TextEquiv conf="0.9903539033497081">
          <Unicode>lun des ni enfans ly coutes acaqua</Unicode>
        </TextEquiv>
      </TextLine>

      
      
      <TextLine id="eSc_line_6cabff04" custom="structure {type:default;}">
        <Coords points="1364,2670 1362,2670 1329,2681 1311,2688 1297,2681 1270,2670 1267,2670 1265,2670 1263,2670 1233,2684 1217,2691 1196,2686 1150,2672 1148,2672 1145,2672 1143,2672 1141,2672 1141,2674 1127,2686 1122,2693 1099,2688 1074,2684 1072,2684 929,2693 816,2702 768,2702 763,2697 743,2684 740,2684 738,2684 736,2684 734,2684 731,2684 713,2700 708,2702 692,2700 616,2686 614,2686 487,2707 476,2707 473,2707 446,2691 444,2691 441,2691 439,2691 437,2691 409,2709 407,2709 398,2709 292,2693 289,2693 287,2693 285,2693 262,2711 257,2716 181,2716 184,2760 184,2780 333,2787 335,2787 338,2787 358,2776 377,2766 414,2776 460,2785 462,2785 464,2785 487,2773 501,2773 752,2778 754,2778 757,2778 759,2778 759,2776 770,2766 839,2776 842,2776 844,2776 888,2762 906,2755 1143,2748 1164,2755 1194,2764 1196,2764 1198,2764 1201,2764 1203,2764 1203,2762 1214,2753 1219,2748 1231,2753 1260,2764 1263,2764 1265,2764 1267,2764 1313,2750 1323,2748 1332,2750 1378,2762 1380,2762 1382,2762 1385,2762 1428,2748 1440,2760 1442,2760 1445,2760 1447,2760 1449,2760 1451,2760 1470,2746 1477,2743 1603,2743 1603,2718 1599,2674 1366,2670 1364,2670"/>
        <Baseline points="184,2760 319,2748 1603,2718"/>
        <TextEquiv conf="0.9796608120203019">
          <Unicode>e brach qui fu se mere et sy bien ly lia</Unicode>
        </TextEquiv>
      </TextLine>

      
      
      <TextLine id="eSc_line_ff711a8a" custom="structure {type:default;}">
        <Coords points="163,2815 163,2854 174,2861 177,2861 179,2861 181,2861 184,2861 223,2847 243,2840 264,2845 296,2854 299,2854 301,2854 303,2854 326,2842 333,2840 335,2842 352,2856 354,2856 356,2856 358,2856 517,2840 784,2845 786,2845 885,2824 901,2822 915,2824 973,2831 975,2831 977,2831 980,2831 980,2829 989,2822 998,2831 998,2833 1000,2833 1003,2833 1097,2835 1099,2835 1102,2835 1143,2817 1304,2819 1306,2819 1309,2819 1329,2808 1334,2808 1336,2808 1380,2826 1382,2826 1385,2826 1447,2824 1449,2824 1451,2824 1451,2822 1472,2803 1601,2799 1601,2778 1594,2737 1415,2739 1412,2739 1410,2739 1410,2741 1408,2741 1396,2755 1359,2743 1355,2741 1352,2741 1350,2741 1348,2741 1346,2741 1346,2743 1334,2753 1286,2746 1283,2746 1281,2746 1279,2746 1166,2762 1109,2750 1092,2748 1090,2748 1033,2750 1030,2750 1028,2750 1026,2753 1010,2766 964,2755 954,2753 952,2753 950,2753 915,2757 773,2776 161,2778 163,2815"/>
        <Baseline points="163,2815 743,2815 1601,2778"/>
        <TextEquiv conf="0.9907714435032435">
          <Unicode>que pour nesune sose pdie ne lypora</Unicode>
        </TextEquiv>
      </TextLine>

      
      
      <TextLine id="eSc_line_0cace148" custom="structure {type:default;}">
        <Coords points="167,2881 167,2902 213,2918 216,2918 218,2918 220,2918 271,2902 308,2916 310,2916 312,2916 315,2916 317,2916 335,2900 370,2909 372,2909 375,2909 377,2909 416,2898 421,2898 473,2898 506,2898 533,2914 536,2914 538,2914 540,2914 630,2893 635,2893 637,2893 713,2909 715,2909 717,2909 770,2891 773,2891 842,2907 844,2909 977,2909 977,2907 980,2907 982,2907 1010,2888 1058,2904 1060,2904 1063,2904 1120,2893 1205,2902 1208,2902 1210,2902 1235,2888 1249,2900 1251,2900 1254,2900 1256,2900 1258,2900 1260,2900 1281,2881 1327,2898 1329,2898 1332,2898 1334,2898 1382,2886 1417,2898 1419,2898 1421,2898 1424,2898 1426,2898 1449,2879 1580,2872 1583,2854 1580,2822 1569,2810 1569,2808 1566,2808 1564,2808 1562,2808 1445,2824 1426,2826 1410,2824 1334,2812 1332,2812 1329,2812 1327,2812 1327,2815 1325,2815 1316,2826 1313,2829 1302,2826 1258,2817 1256,2817 1254,2817 1214,2826 1196,2831 1191,2826 1182,2819 1180,2819 1178,2819 1175,2819 1067,2829 1003,2833 998,2829 989,2822 989,2819 987,2819 984,2819 982,2819 860,2822 858,2822 839,2831 823,2838 796,2831 777,2826 775,2826 773,2826 770,2826 761,2831 743,2840 589,2833 538,2831 536,2831 533,2831 529,2833 503,2845 473,2833 471,2833 469,2833 467,2833 457,2833 388,2847 329,2835 315,2833 312,2833 165,2835 167,2881"/>
        <Baseline points="167,2881 855,2877 1583,2854"/>
        <TextEquiv conf="0.9591329919325339">
          <Unicode>iiii pains ya mis in frõmages pris a</Unicode>
        </TextEquiv>
      </TextLine>

      
      
      <TextLine id="eSc_line_a75c5322" custom="structure {type:default;}">
        <Coords points="174,2946 174,2962 278,2962 280,2962 292,2973 294,2973 296,2973 299,2973 363,2962 375,2960 379,2962 414,2973 416,2973 418,2973 421,2973 455,2960 457,2960 487,2973 490,2973 492,2973 494,2973 533,2960 543,2957 625,2957 628,2957 651,2976 653,2976 655,2976 658,2976 660,2976 697,2957 704,2955 710,2957 759,2976 761,2976 763,2976 766,2976 812,2964 839,2976 842,2976 844,2976 846,2976 918,2955 931,2953 945,2955 1030,2973 1033,2973 1118,2955 1194,2971 1196,2971 1267,2957 1286,2969 1288,2969 1290,2969 1293,2969 1472,2966 1474,2966 1534,2948 1534,2927 1532,2898 1484,2877 1481,2877 1479,2877 1364,2898 1288,2888 1286,2888 1201,2900 1173,2886 1171,2886 1168,2886 1166,2886 1164,2886 1141,2902 1053,2902 1037,2886 1037,2884 1035,2884 1033,2884 989,2884 987,2884 984,2884 943,2902 920,2884 918,2884 915,2884 913,2884 911,2884 908,2884 908,2886 890,2904 837,2904 812,2886 809,2886 807,2886 757,2886 754,2886 752,2886 683,2909 651,2909 635,2893 635,2891 632,2891 630,2891 628,2891 625,2891 623,2891 600,2907 575,2888 572,2888 570,2888 522,2888 520,2888 517,2888 473,2909 457,2893 457,2891 455,2891 453,2891 450,2891 398,2902 347,2891 345,2891 342,2891 225,2893 223,2893 172,2911 174,2946"/>
        <Baseline points="174,2946 865,2944 1534,2927"/>
        <TextEquiv conf="0.9820359880859787">
          <Unicode>Et de dens le uatel ly contes ie posa</Unicode>
        </TextEquiv>
      </TextLine>

      
      
      <TextLine id="eSc_line_0f81eee7" custom="structure {type:default;}">
        <Coords points="158,3015 158,3077 239,3075 241,3075 243,3075 283,3045 393,3045 432,3075 434,3075 437,3075 439,3077 554,3077 554,3075 556,3075 559,3075 595,3049 653,3075 655,3075 658,3077 853,3077 853,3075 855,3075 929,3045 1042,3042 1092,3065 1095,3065 1097,3065 1099,3065 1161,3042 1348,3042 1380,3056 1382,3056 1385,3056 1387,3056 1421,3042 1573,3063 1576,3063 1578,3063 1626,3047 1663,3072 1665,3072 1668,3072 1670,3075 1744,3075 1746,3010 1741,2966 1518,2966 1477,2950 1474,2950 1472,2950 1470,2950 1468,2950 1447,2966 1382,2966 1327,2950 1325,2950 1323,2950 1320,2950 1318,2950 1293,2966 1203,2966 1095,2950 1092,2950 1090,2950 1088,2950 1069,2966 1003,2966 987,2950 984,2950 982,2950 980,2950 908,2964 867,2953 865,2953 862,2953 860,2953 830,2969 549,2969 485,2953 483,2953 480,2953 425,2966 306,2953 303,2953 301,2953 266,2966 200,2953 197,2953 195,2953 156,2966 158,3015"/>
        <Baseline points="158,3015 1746,3010"/>
        <TextEquiv conf="0.9901193624887711">
          <Unicode>Et deux uariaux de uin dont elle bunira</Unicode>
        </TextEquiv>
      </TextLine>

      
    </TextRegion>
    
    <TextRegion id="eSc_textblock_d286613c"  custom="structure {type:text;}">
      <Coords points="85,1067 89,1067 89,1074 82,1074 85,1067"/>
      
    </TextRegion>
    

    
  </Page>
</PcGts>
