<?xml version="1.0" encoding="UTF-8"  standalone="yes"?>
<PcGts xmlns="http://schema.primaresearch.org/PAGE/gts/pagecontent/2019-07-15" xmlns:xsi="http://www.w3.org/2001/XMLSchema-instance" xsi:schemaLocation="http://schema.primaresearch.org/PAGE/gts/pagecontent/2019-07-15 http://schema.primaresearch.org/PAGE/gts/pagecontent/2019-07-15/pagecontent.xsd">
  <Metadata>
	<Creator>escriptorium</Creator>
	<Created>2025-10-15T20:24:13.725413+00:00</Created>
        <LastChange>2025-10-15T20:24:13.725440+00:00</LastChange>

  </Metadata>
  <Page imageFilename="620416201_MS0742_0766_0094A.jpg" imageWidth="3104" imageHeight="4140">

    
    <TextRegion id="eSc_textblock_55340b7e"  custom="structure {type:text;}">
      <Coords points="278,680 1412,680 1523,708 1486,871 1532,954 1514,1018 1440,1076 1449,1156 1479,1214 1615,1251 1606,1313 1523,1334 1532,1782 1458,1858 1477,2012 1449,2141 1560,2180 1477,2382 1477,2426 1560,2484 1578,2622 1532,2732 1560,2833 1541,2950 632,2987 138,2969 138,1885 92,837 119,699 278,680"/>
      
      
      <TextLine id="eSc_line_83eb4b20" custom="structure {type:default;}">
        <Coords points="1419,680 1339,680 1320,680 1297,680 1274,680 1251,680 1228,680 1205,680 1182,680 1159,680 1136,680 1113,680 1090,680 1067,680 1044,680 1021,680 998,680 975,680 966,680 952,685 938,687 913,685 881,680 860,680 837,680 814,680 809,680 798,685 782,690 754,685 727,680 722,680 699,680 676,680 674,680 648,685 616,694 566,694 559,687 552,680 538,680 536,680 522,687 510,692 499,687 483,680 469,680 464,680 457,687 446,694 414,687 384,680 381,680 338,687 299,694 278,687 262,683 260,683 257,683 213,685 193,690 170,692 147,694 149,738 149,756 232,768 234,768 333,756 349,754 363,754 421,763 423,763 526,754 549,752 554,754 577,763 579,763 582,763 646,752 667,749 690,752 773,761 775,761 823,749 842,747 911,749 1088,756 1090,756 1428,742 1431,719 1426,683 1419,680"/>
        <Baseline points="149,738 1431,719"/>
        <TextEquiv conf="0.9808824731082451">
          <Unicode>En tel contruxion fait les biens de limer</Unicode>
        </TextEquiv>
      </TextLine>

      
      
      <TextLine id="eSc_line_aa9a1d01" custom="structure {type:default;}">
        <Coords points="138,798 138,825 324,809 386,818 388,818 391,818 393,818 409,804 1479,800 1481,775 1477,738 1371,724 1369,724 1247,738 1205,745 938,745 915,740 881,733 878,733 835,740 793,749 761,742 738,736 736,736 734,736 685,742 623,752 579,742 552,738 549,738 547,738 529,742 503,752 487,745 480,740 478,740 476,740 448,745 388,754 370,745 365,742 363,742 361,742 326,745 200,756 135,747 138,798"/>
        <Baseline points="138,798 1481,775"/>
        <TextEquiv conf="0.979466097884708">
          <Unicode>Con ly ueist moult uien des reux larmil filer</Unicode>
        </TextEquiv>
      </TextLine>

      
      
      <TextLine id="eSc_line_dd9f554f" custom="structure {type:default;}">
        <Coords points="140,855 140,869 248,883 250,883 352,880 354,880 384,867 591,876 593,876 595,876 646,862 931,869 934,869 936,869 971,857 1254,862 1256,862 1392,846 1392,830 1387,795 1313,784 1311,784 1102,798 1069,784 1067,784 1065,784 621,807 598,793 595,793 593,793 591,793 480,795 478,795 476,795 476,798 473,798 462,811 370,798 368,798 365,798 340,809 303,800 301,800 299,800 296,800 294,800 276,814 170,802 167,802 165,802 138,816 140,855"/>
        <Baseline points="140,855 1392,830"/>
        <TextEquiv conf="0.9913200659629626">
          <Unicode>Tant donna larement a lausmõne entamer</Unicode>
        </TextEquiv>
      </TextLine>

      
      
      <TextLine id="eSc_line_b4d151f2" custom="structure {type:default;}">
        <Coords points="1350,832 1348,832 1318,841 1309,846 1300,844 1277,834 1274,834 1272,834 1270,834 1235,844 1221,848 1208,844 1180,837 1178,837 1175,837 1083,848 1014,855 987,850 957,844 954,844 952,844 950,844 941,850 929,860 768,862 727,855 697,850 694,850 630,857 526,869 480,860 462,857 460,857 398,862 218,878 140,869 142,913 142,938 437,938 437,936 439,936 441,936 441,933 450,926 453,924 471,926 536,933 538,933 595,922 623,917 669,919 775,926 777,926 780,926 805,915 812,913 872,913 1086,917 1088,917 1090,917 1092,917 1092,915 1095,915 1102,906 1102,903 1412,894 1415,876 1410,841 1352,832 1350,832"/>
        <Baseline points="142,913 1415,876"/>
        <TextEquiv conf="0.9730648785829544">
          <Unicode>uant I uint a elaine ou ey prinst aciẽr</Unicode>
        </TextEquiv>
      </TextLine>

      
      
      <TextLine id="eSc_line_00e7a872" custom="structure {type:default;}">
        <Coords points="149,972 149,1007 296,986 326,1000 329,1002 331,1002 333,1002 352,1000 453,979 487,993 501,998 503,998 506,998 508,998 522,991 538,982 552,988 566,995 568,995 570,995 572,995 575,995 584,988 593,979 612,986 625,991 628,991 630,991 685,982 747,972 768,977 800,988 803,988 805,988 807,988 809,988 809,986 821,975 828,970 842,975 860,979 862,979 865,979 867,979 869,979 878,972 890,965 943,968 1030,975 1033,975 1115,961 1125,959 1129,959 1175,977 1178,977 1180,977 1182,977 1256,952 1256,938 1249,890 1102,906 996,896 984,896 982,896 980,896 977,896 954,910 920,899 918,899 915,899 913,899 911,899 908,899 908,901 897,910 826,901 812,901 809,901 789,903 660,919 614,908 612,908 609,908 607,908 595,908 513,924 467,913 464,913 462,913 460,913 457,913 453,913 411,926 381,915 379,915 377,915 375,915 372,915 370,915 370,917 356,929 147,924 149,972"/>
        <Baseline points="149,972 1256,938"/>
        <TextEquiv conf="0.9742211133241654">
          <Unicode>Martin Il ma plus laissies le dout ester</Unicode>
        </TextEquiv>
      </TextLine>

      
      
      <TextLine id="eSc_line_15543c73" custom="structure {type:default;}">
        <Coords points="1249,940 1235,940 1228,947 1224,949 1203,949 1127,942 1125,942 1122,942 1120,942 1120,945 1111,954 1109,956 950,963 943,961 906,952 904,952 901,952 899,952 858,965 851,968 830,968 729,963 727,963 724,963 722,963 706,975 704,975 692,975 582,968 579,968 503,984 490,972 487,972 485,972 483,972 411,975 312,991 241,984 239,984 236,984 234,984 213,993 218,1028 218,1051 361,1058 363,1058 365,1058 402,1044 414,1041 434,1044 490,1048 492,1048 568,1037 609,1032 616,1037 628,1044 630,1044 632,1044 635,1044 922,1023 1072,1014 1120,1016 1178,1018 1180,1018 1182,1018 1184,1018 1191,1014 1203,1005 1240,1011 1263,1014 1265,1014 1295,1009 1346,1000 1401,1005 1435,1007 1438,1007 1440,1007 1456,1002 1491,991 1511,1000 1516,970 1514,933 1394,929 1392,929 1320,942 1293,947 1279,945 1249,936 1249,940"/>
        <Baseline points="218,1028 743,1014 1516,970"/>
        <TextEquiv conf="0.9880236784617106">
          <Unicode>nya pain ne cliaron nen poeult plus dõner</Unicode>
        </TextEquiv>
      </TextLine>

      
      
      <TextLine id="eSc_line_93402e1d" custom="structure {type:default;}">
        <Coords points="881,1007 874,1011 865,1023 821,1014 816,1014 814,1014 803,1014 648,1030 607,1018 605,1018 582,1018 538,1035 444,1023 421,1023 418,1023 381,1041 273,1044 144,1030 147,1078 147,1097 545,1097 545,1094 547,1094 549,1094 549,1092 561,1083 616,1092 618,1092 1373,1053 1373,1032 1369,1002 1221,993 1219,993 1129,1007 1079,1014 1063,1009 1040,1000 1037,1000 1035,1000 1033,1000 1030,1000 1030,1002 1021,1009 1012,1021 950,1021 915,1011 897,1007 881,1007"/>
        <Baseline points="147,1078 862,1064 1373,1032"/>
        <TextEquiv conf="0.9741581314947547">
          <Unicode>Quant elame uentent sy cõmeuche aplourer</Unicode>
        </TextEquiv>
      </TextLine>

      
      
      <TextLine id="eSc_line_22b00c9c" custom="structure {type:default;}">
        <Coords points="867,1064 860,1074 853,1078 167,1087 170,1127 170,1147 315,1163 317,1163 319,1163 322,1163 322,1161 338,1147 349,1159 352,1159 354,1159 356,1159 358,1159 393,1143 398,1138 476,1138 480,1138 526,1156 529,1156 531,1156 687,1154 798,1136 819,1150 821,1150 823,1150 826,1150 927,1131 945,1145 947,1145 950,1145 952,1145 1056,1122 1058,1122 1060,1122 1090,1133 1092,1133 1095,1133 1097,1133 1099,1133 1099,1131 1111,1120 1254,1117 1272,1129 1274,1129 1277,1129 1279,1129 1394,1110 1396,1087 1392,1062 1295,1051 1293,1051 1198,1064 1196,1064 1122,1055 1120,1055 1118,1055 1081,1069 1076,1069 1069,1069 1028,1060 1026,1060 964,1071 943,1074 924,1071 876,1064 867,1064"/>
        <Baseline points="170,1127 945,1115 1396,1087"/>
        <TextEquiv conf="0.9886466332457282">
          <Unicode>⁊ dist biaid sires dieux de tout ce dey loer</Unicode>
        </TextEquiv>
      </TextLine>

      
      
      <TextLine id="eSc_line_e4d7a1bc" custom="structure {type:default;}">
        <Coords points="142,1193 142,1209 209,1221 211,1221 213,1221 216,1221 236,1207 239,1205 241,1207 262,1223 264,1223 266,1223 269,1223 271,1223 273,1223 273,1221 276,1221 287,1207 363,1212 365,1212 416,1200 434,1198 437,1200 453,1214 455,1214 457,1214 460,1216 515,1216 515,1214 517,1214 577,1196 579,1196 582,1196 614,1212 616,1212 618,1212 621,1212 623,1212 623,1209 639,1193 641,1191 646,1193 692,1209 694,1209 697,1209 699,1209 701,1209 701,1207 704,1207 715,1191 717,1189 724,1191 775,1205 777,1205 780,1205 957,1191 975,1200 977,1200 980,1200 982,1200 1056,1179 1069,1177 1079,1179 1111,1191 1113,1191 1115,1191 1256,1173 1258,1156 1251,1115 140,1150 142,1193"/>
        <Baseline points="142,1193 1258,1156"/>
        <TextEquiv conf="0.9784423897906047">
          <Unicode>Se Auoie en le meͣt le e paste fait leuer</Unicode>
        </TextEquiv>
      </TextLine>

      
      
      <TextLine id="eSc_line_e92a8101" custom="structure {type:default;}">
        <Coords points="257,1242 257,1265 589,1251 605,1253 644,1262 646,1262 717,1248 738,1246 752,1248 800,1258 803,1258 805,1258 828,1246 832,1244 835,1246 858,1255 860,1255 862,1255 1102,1248 1104,1248 1106,1248 1120,1235 1122,1232 1196,1232 1210,1232 1348,1242 1350,1242 1438,1223 1438,1202 1433,1168 1198,1166 1196,1166 1194,1166 1191,1166 1178,1175 1173,1179 1168,1177 1159,1168 1157,1168 1155,1168 1152,1168 1106,1177 1099,1179 1092,1179 1063,1170 1060,1170 1058,1170 975,1182 950,1186 934,1184 883,1175 881,1175 878,1175 876,1175 860,1186 855,1189 837,1189 763,1182 761,1182 759,1182 729,1191 722,1193 699,1193 570,1184 568,1184 255,1207 257,1242"/>
        <Baseline points="257,1242 982,1228 1438,1202"/>
        <TextEquiv conf="0.9843657553195954">
          <Unicode>seroit ma meseanche le four ius kauenter</Unicode>
        </TextEquiv>
      </TextLine>

      
      
      <TextLine id="eSc_line_16fb07d0" custom="structure {type:default;}">
        <Coords points="151,1297 151,1311 1348,1317 1350,1317 1612,1304 1615,1285 1612,1253 149,1246 151,1297"/>
        <Baseline points="151,1297 559,1285 1615,1285"/>
        <TextEquiv conf="0.9776459095569757">
          <Unicode>kre nens pau eureeps ne se scet ne fesert ou trouuer</Unicode>
        </TextEquiv>
      </TextLine>

      
      
      <TextLine id="eSc_line_9e3ef087" custom="structure {type:default;}">
        <Coords points="1194,1288 1191,1288 1088,1301 1083,1301 1081,1301 1033,1290 1030,1290 1028,1290 805,1306 786,1306 780,1306 708,1294 706,1294 639,1308 632,1308 621,1308 471,1297 469,1297 308,1313 296,1313 289,1313 154,1301 151,1301 149,1301 147,1301 135,1306 138,1347 138,1386 250,1386 253,1386 301,1363 335,1384 338,1384 340,1384 342,1384 345,1384 416,1363 444,1382 446,1382 448,1382 450,1382 453,1382 455,1382 455,1380 478,1357 531,1357 579,1368 582,1368 584,1368 586,1368 589,1368 589,1366 600,1354 713,1354 745,1370 747,1370 750,1370 752,1370 791,1354 842,1373 858,1377 860,1377 862,1377 865,1377 867,1377 876,1370 906,1352 943,1370 954,1375 957,1375 959,1375 961,1375 964,1375 971,1368 994,1350 1044,1366 1046,1366 1049,1366 1051,1366 1074,1354 1083,1366 1092,1373 1092,1375 1095,1375 1097,1375 1099,1375 1102,1375 1120,1366 1145,1352 1168,1363 1187,1373 1189,1373 1191,1373 1194,1373 1196,1373 1196,1370 1205,1363 1214,1354 1221,1361 1233,1370 1233,1373 1235,1373 1237,1373 1240,1373 1242,1373 1286,1361 1302,1357 1311,1361 1332,1370 1334,1370 1336,1370 1495,1354 1495,1329 1488,1297 1247,1299 1242,1299 1196,1288 1194,1288"/>
        <Baseline points="138,1347 1495,1329"/>
        <TextEquiv conf="0.982915056248506">
          <Unicode>uit Puist troune⁊ le cose qui iy paist pourfiter</Unicode>
        </TextEquiv>
      </TextLine>

      
      
      <TextLine id="eSc_line_9616e511" custom="structure {type:default;}">
        <Coords points="257,1405 257,1426 1267,1407 1270,1407 1297,1393 1297,1382 1290,1352 1157,1352 1155,1352 1138,1340 1136,1340 1134,1340 1132,1340 1129,1340 1083,1352 1076,1354 1063,1354 982,1343 980,1343 977,1343 975,1343 964,1354 961,1357 952,1354 918,1345 915,1345 913,1345 911,1345 885,1354 874,1359 865,1357 844,1347 842,1347 839,1347 796,1357 768,1361 731,1357 671,1350 669,1350 616,1359 582,1363 255,1363 257,1405"/>
        <Baseline points="257,1405 1297,1382"/>
        <TextEquiv conf="0.967712316248152">
          <Unicode>lanne le ronce ua ploirant tenrement</Unicode>
        </TextEquiv>
      </TextLine>

      
      
      <TextLine id="eSc_line_95eedc19" custom="structure {type:default;}">
        <Coords points="257,1451 257,1483 393,1469 492,1476 556,1481 559,1481 561,1481 563,1481 572,1474 589,1465 609,1474 618,1476 621,1476 623,1476 660,1472 715,1462 722,1469 727,1472 727,1474 729,1474 731,1474 734,1474 736,1474 761,1467 786,1462 858,1465 1026,1472 1028,1472 1030,1472 1076,1458 1079,1458 1115,1469 1118,1469 1120,1469 1214,1453 1219,1453 1221,1453 1267,1465 1270,1465 1272,1465 1394,1446 1394,1423 1387,1393 255,1409 257,1451"/>
        <Baseline points="257,1451 945,1444 1394,1423"/>
        <TextEquiv conf="0.9841237930875075">
          <Unicode>Euant elle oy kier la dessus tellement</Unicode>
        </TextEquiv>
      </TextLine>

      
      
      <TextLine id="eSc_line_ba95c884" custom="structure {type:default;}">
        <Coords points="393,1451 391,1451 384,1453 356,1467 250,1458 248,1458 246,1458 243,1458 234,1467 220,1455 220,1453 218,1453 216,1453 213,1453 151,1453 154,1501 154,1520 1063,1524 1065,1524 1067,1524 1106,1513 1290,1522 1293,1522 1520,1506 1523,1488 1516,1451 1380,1458 1339,1451 1293,1442 1290,1442 1288,1442 1286,1442 1286,1444 1277,1451 1265,1462 1097,1462 1074,1451 1067,1449 1065,1449 1063,1449 1060,1449 1053,1451 1028,1462 950,1451 936,1451 934,1451 918,1451 828,1462 812,1453 812,1451 809,1451 807,1451 805,1451 803,1451 796,1453 759,1462 734,1453 722,1449 720,1449 717,1449 715,1449 706,1453 676,1467 536,1467 423,1453 395,1451 393,1451"/>
        <Baseline points="154,1501 1523,1488"/>
        <TextEquiv conf="0.9780315041542054">
          <Unicode>Duau disner un auoit clar ne pain ne forucent</Unicode>
        </TextEquiv>
      </TextLine>

      
      
      <TextLine id="eSc_line_886e0a2d" custom="structure {type:default;}">
        <Coords points="161,1561 161,1582 786,1566 814,1570 858,1577 860,1577 862,1577 865,1577 874,1568 881,1563 901,1568 941,1575 943,1575 945,1575 977,1566 989,1563 1074,1563 1403,1568 1405,1568 1408,1568 1449,1554 1449,1540 1445,1508 1265,1499 1263,1499 1143,1508 1106,1511 1102,1508 1088,1499 1086,1499 1083,1499 1081,1499 1079,1499 1076,1499 1067,1508 1063,1511 1051,1508 1010,1501 1007,1501 952,1508 922,1513 908,1508 876,1499 874,1499 872,1499 869,1499 842,1508 826,1515 766,1511 724,1506 722,1506 720,1506 717,1506 715,1511 706,1517 683,1511 662,1504 660,1504 658,1504 621,1511 579,1517 515,1511 471,1506 469,1506 467,1506 464,1506 457,1511 437,1522 158,1513 161,1561"/>
        <Baseline points="161,1561 1449,1540"/>
        <TextEquiv conf="0.995000334084034">
          <Unicode>Clas che dist clame quil me ua maisement</Unicode>
        </TextEquiv>
      </TextLine>

      
      
      <TextLine id="eSc_line_4137822c" custom="structure {type:default;}">
        <Coords points="184,1612 184,1637 759,1616 1329,1621 1334,1593 1329,1561 1069,1554 1067,1554 1017,1563 1007,1566 1000,1566 961,1554 959,1554 957,1554 876,1566 858,1568 842,1566 757,1557 754,1557 181,1575 184,1612"/>
        <Baseline points="184,1612 1334,1593"/>
        <TextEquiv conf="0.9837816059589386">
          <Unicode>a aige sy grant fain ⁊ trislaiourarmei</Unicode>
        </TextEquiv>
      </TextLine>

      
      
      <TextLine id="eSc_line_ef58f0db" custom="structure {type:default;}">
        <Coords points="1318,1596 1295,1596 1290,1596 1288,1598 1279,1603 929,1612 885,1607 858,1603 855,1603 853,1603 844,1607 828,1614 777,1609 743,1605 740,1605 738,1605 736,1605 731,1609 720,1616 681,1612 653,1607 651,1607 648,1607 646,1607 641,1612 625,1621 579,1614 554,1609 552,1609 499,1614 381,1628 335,1619 322,1616 319,1616 167,1621 170,1658 170,1678 303,1692 306,1692 308,1692 310,1692 335,1676 368,1690 370,1690 372,1690 480,1672 612,1683 614,1683 616,1683 618,1683 618,1681 635,1669 651,1681 653,1681 655,1681 658,1681 821,1665 860,1676 862,1676 865,1676 867,1676 899,1662 1069,1669 1072,1669 1074,1669 1102,1653 1120,1667 1122,1667 1125,1667 1127,1667 1348,1649 1385,1660 1387,1660 1389,1660 1392,1660 1424,1646 1458,1658 1461,1658 1463,1658 1465,1658 1516,1639 1516,1623 1511,1593 1366,1586 1364,1586 1362,1586 1359,1586 1359,1589 1350,1596 1348,1598 1341,1596 1318,1589 1318,1596"/>
        <Baseline points="170,1658 614,1655 1516,1623"/>
        <TextEquiv conf="0.9701451389562517">
          <Unicode>Et se uine chy sy tempre pau yauoit degent</Unicode>
        </TextEquiv>
      </TextLine>

      
      
      <TextLine id="eSc_line_8bf4e19c" custom="structure {type:default;}">
        <Coords points="283,1711 283,1734 1355,1711 1357,1711 1385,1697 1385,1678 1380,1649 911,1649 908,1649 906,1649 904,1649 904,1651 901,1651 895,1660 832,1651 830,1651 828,1651 803,1662 457,1662 455,1662 280,1678 283,1711"/>
        <Baseline points="283,1711 1385,1678"/>
        <TextEquiv conf="0.9917340020875673">
          <Unicode>e me sauit falir a laumoine enseiuent</Unicode>
        </TextEquiv>
      </TextLine>

      
      
      <TextLine id="eSc_line_2b392e5a" custom="structure {type:default;}">
        <Coords points="193,1766 193,1798 338,1787 358,1793 365,1796 368,1796 370,1796 372,1796 388,1791 437,1777 731,1775 1026,1770 1028,1770 1056,1759 1063,1757 1102,1757 1258,1761 1260,1761 1263,1761 1265,1761 1265,1759 1274,1750 1300,1759 1302,1759 1304,1759 1507,1736 1507,1715 1502,1685 1440,1676 1438,1676 1348,1690 1293,1697 1277,1692 1260,1685 1258,1685 1256,1685 1217,1692 1178,1701 1134,1697 1086,1690 1083,1690 977,1701 839,1715 681,1711 609,1708 607,1708 605,1708 602,1708 598,1713 582,1722 409,1720 407,1720 404,1720 365,1734 338,1722 335,1722 333,1722 331,1722 306,1734 292,1722 289,1722 287,1722 285,1722 190,1724 193,1766"/>
        <Baseline points="193,1766 844,1752 1507,1715"/>
        <TextEquiv conf="0.9953506369339792">
          <Unicode>tlarque mengeraige auchoi lauesprement</Unicode>
        </TextEquiv>
      </TextLine>

      
      
      <TextLine id="eSc_line_c8df560b" custom="structure {type:default;}">
        <Coords points="218,1821 218,1851 335,1835 356,1846 358,1846 361,1846 363,1846 379,1844 453,1830 494,1839 510,1842 513,1842 515,1842 526,1837 547,1828 595,1835 623,1837 625,1837 655,1830 701,1821 727,1828 743,1833 745,1833 747,1833 750,1833 775,1826 809,1816 867,1821 924,1826 927,1826 1030,1821 1033,1821 1035,1821 1046,1812 1056,1807 1072,1812 1099,1819 1102,1819 1104,1819 1106,1819 1150,1807 1164,1805 1187,1805 1277,1812 1279,1812 1281,1812 1283,1812 1283,1810 1286,1810 1293,1800 1293,1798 1518,1789 1518,1770 1511,1738 216,1784 218,1821"/>
        <Baseline points="218,1821 1518,1770"/>
        <TextEquiv conf="0.988588809967041">
          <Unicode>lle uint a sen iil en pourant moult forment</Unicode>
        </TextEquiv>
      </TextLine>

      
      
      <TextLine id="eSc_line_784e1a1c" custom="structure {type:default;}">
        <Coords points="167,1876 167,1892 315,1888 317,1888 331,1899 333,1899 335,1899 338,1899 340,1899 368,1885 391,1897 393,1897 395,1897 398,1897 400,1897 400,1895 402,1895 411,1883 448,1897 450,1897 453,1897 455,1897 457,1897 457,1895 471,1881 494,1881 584,1876 586,1876 605,1890 607,1890 609,1890 612,1890 614,1890 646,1874 648,1874 667,1874 862,1881 865,1881 1095,1856 1097,1839 1090,1798 165,1833 167,1876"/>
        <Baseline points="167,1876 1097,1839"/>
        <TextEquiv conf="0.9705502544130598">
          <Unicode>laue ly desiloit aual sen uestement</Unicode>
        </TextEquiv>
      </TextLine>

      
      
      <TextLine id="eSc_line_5fe8fc28" custom="structure {type:default;}">
        <Coords points="163,1929 163,1948 184,1961 186,1961 188,1961 190,1961 193,1961 195,1961 225,1943 375,1957 377,1957 379,1957 381,1957 411,1936 531,1945 533,1945 536,1945 607,1927 648,1945 651,1945 653,1945 655,1945 704,1931 761,1938 763,1938 766,1938 768,1938 782,1927 793,1936 796,1936 798,1936 800,1936 803,1936 826,1925 980,1931 982,1931 1148,1904 1148,1888 1143,1856 844,1856 842,1856 839,1856 816,1865 800,1869 759,1865 704,1860 701,1860 699,1860 697,1860 697,1862 694,1862 692,1867 685,1876 584,1879 552,1872 533,1867 531,1867 529,1867 526,1867 508,1872 473,1883 439,1874 425,1872 423,1872 421,1872 418,1872 404,1876 358,1888 273,1879 257,1879 255,1879 253,1879 248,1881 200,1895 161,1883 163,1929"/>
        <Baseline points="163,1929 1148,1888"/>
        <TextEquiv conf="0.9969983526638576">
          <Unicode>hy lire dist elle ou non du saprent</Unicode>
        </TextEquiv>
      </TextLine>

      
      
      <TextLine id="eSc_line_80c7d9d6" custom="structure {type:default;}">
        <Coords points="234,1982 234,1996 250,2007 253,2007 255,2007 257,2010 492,2010 492,2007 494,2007 497,2007 515,1991 517,1991 577,1991 579,1991 591,2003 591,2005 593,2005 595,2005 598,2007 598,2005 600,2005 602,2005 602,2003 614,1991 616,1991 717,1991 722,1991 740,2005 743,2005 745,2005 747,2005 750,2005 784,1994 796,1989 938,1989 943,1994 954,2003 957,2003 959,2003 961,2003 1040,1994 1099,1987 1175,1994 1249,2000 1251,2000 1458,1994 1458,1982 1454,1938 1293,1938 1290,1938 1274,1925 1272,1925 1270,1925 1267,1925 1150,1938 1127,1922 1125,1922 1122,1922 1120,1922 1046,1936 950,1925 947,1925 641,1927 639,1927 637,1927 618,1938 510,1927 508,1927 437,1943 427,1948 294,1948 289,1945 266,1929 264,1929 262,1929 260,1929 257,1929 232,1941 234,1982"/>
        <Baseline points="234,1982 1063,1966 1458,1982"/>
        <TextEquiv conf="0.9561660713271091">
          <Unicode>uous pry et requier Su tout enterement</Unicode>
        </TextEquiv>
      </TextLine>

      
      
      <TextLine id="eSc_line_a9be41ae" custom="structure {type:default;}">
        <Coords points="731,1973 729,1973 727,1973 724,1973 694,1980 660,1989 522,1980 480,1977 462,1980 437,1994 260,1994 186,1980 188,2030 188,2056 269,2056 269,2053 271,2053 273,2053 294,2040 416,2051 455,2053 457,2053 531,2049 692,2037 713,2046 724,2051 727,2051 729,2051 731,2051 747,2044 777,2035 927,2035 934,2042 941,2046 941,2049 943,2049 945,2049 947,2049 950,2049 966,2042 982,2035 1017,2040 1040,2044 1042,2044 1072,2040 1113,2033 1120,2040 1127,2044 1127,2046 1129,2046 1132,2046 1134,2046 1426,2033 1426,2019 1424,1984 1067,1971 1065,1971 998,1982 968,1987 959,1982 952,1975 950,1975 947,1975 826,1973 823,1973 782,1982 754,1987 745,1980 734,1973 731,1973"/>
        <Baseline points="188,2030 777,2014 1426,2019"/>
        <TextEquiv conf="0.9936476136956897">
          <Unicode>ue ceste poure lasse recõfortes uieeument</Unicode>
        </TextEquiv>
      </TextLine>

      
      
      <TextLine id="eSc_line_bcc630a4" custom="structure {type:default;}">
        <Coords points="181,2079 181,2104 315,2093 354,2104 356,2104 358,2104 361,2104 464,2093 559,2102 568,2102 570,2102 572,2102 575,2102 591,2090 692,2099 699,2099 701,2099 704,2099 706,2099 706,2097 724,2083 1410,2088 1415,2063 1410,2028 179,2035 181,2079"/>
        <Baseline points="181,2079 582,2076 915,2060 1415,2063"/>
        <TextEquiv conf="0.9756211202319075">
          <Unicode>daucint bien se lassus liuee ou mandement</Unicode>
        </TextEquiv>
      </TextLine>

      
      
      <TextLine id="eSc_line_2c6c5b7d" custom="structure {type:default;}">
        <Coords points="211,2129 211,2150 561,2152 563,2152 566,2152 568,2152 586,2139 651,2150 653,2150 655,2150 687,2134 692,2132 713,2134 821,2145 823,2145 908,2127 920,2122 1210,2116 1217,2116 1359,2127 1362,2127 1364,2127 1394,2109 1394,2099 1389,2067 209,2086 211,2129"/>
        <Baseline points="211,2129 694,2122 1095,2099 1394,2099"/>
        <TextEquiv conf="0.9859754412602155">
          <Unicode>doure affolir suy se pite ue uous prent</Unicode>
        </TextEquiv>
      </TextLine>

      
      
      <TextLine id="eSc_line_f606734c" custom="structure {type:default;}">
        <Coords points="971,2109 964,2109 961,2109 931,2118 908,2125 897,2120 883,2113 881,2113 878,2113 809,2122 736,2132 710,2125 701,2122 697,2122 678,2122 676,2127 664,2134 614,2129 579,2125 577,2125 575,2125 572,2125 572,2127 568,2129 559,2141 338,2148 190,2143 193,2185 195,2214 250,2201 296,2210 301,2210 303,2210 1403,2152 1405,2136 1398,2104 971,2106 971,2109"/>
        <Baseline points="193,2185 584,2175 1033,2145 1405,2136"/>
        <TextEquiv conf="0.9907915592193604">
          <Unicode>e moy a cote foit morte suy uraicnent</Unicode>
        </TextEquiv>
      </TextLine>

      
      
      <TextLine id="eSc_line_cc8c7bc7" custom="structure {type:default;}">
        <Coords points="1520,2166 1514,2162 954,2162 952,2162 950,2162 890,2178 874,2164 872,2164 869,2164 867,2164 786,2182 782,2182 777,2182 717,2168 715,2168 713,2168 710,2168 710,2171 694,2185 692,2185 681,2185 572,2178 554,2178 531,2178 526,2178 517,2187 499,2178 485,2180 473,2180 448,2191 444,2194 278,2194 280,2231 280,2249 446,2263 448,2263 524,2260 526,2260 561,2244 568,2242 570,2244 586,2258 589,2258 591,2258 593,2258 595,2258 651,2244 731,2249 734,2249 736,2249 738,2249 738,2247 745,2242 747,2237 752,2242 763,2247 766,2247 768,2247 770,2247 773,2247 777,2242 789,2233 828,2240 881,2249 883,2249 885,2249 888,2249 899,2240 911,2228 957,2226 1076,2226 1095,2235 1109,2244 1111,2244 1113,2244 1115,2244 1118,2244 1157,2235 1208,2221 1300,2231 1357,2237 1359,2237 1541,2226 1543,2198 1539,2171 1520,2166"/>
        <Baseline points="280,2231 533,2228 1037,2203 1543,2198"/>
        <TextEquiv conf="0.948305227407595">
          <Unicode>uous iulre sur dieu iIe nay pain neargent</Unicode>
        </TextEquiv>
      </TextLine>

      
      
      <TextLine id="eSc_line_6077b812" custom="structure {type:default;}">
        <Coords points="193,2290 193,2311 653,2309 655,2309 658,2309 674,2297 678,2293 701,2295 745,2302 747,2302 750,2302 752,2302 761,2293 766,2290 793,2293 883,2300 885,2300 888,2300 890,2300 901,2288 906,2283 1115,2279 1152,2279 1362,2286 1364,2286 1442,2267 1442,2258 1438,2221 1348,2212 1346,2212 1343,2212 1341,2212 1341,2214 1339,2214 1334,2221 1332,2226 1251,2226 1247,2224 1237,2214 1237,2212 1235,2212 1233,2212 1231,2212 1138,2224 1088,2231 1074,2226 1046,2212 1044,2212 1042,2212 1040,2212 996,2226 987,2228 982,2226 964,2214 961,2214 959,2214 957,2214 954,2214 929,2226 908,2237 694,2242 664,2231 653,2226 651,2226 648,2226 646,2226 644,2226 639,2231 618,2244 545,2233 533,2231 531,2231 529,2231 524,2233 490,2249 462,2237 460,2237 457,2237 455,2237 414,2251 391,2235 388,2235 386,2235 384,2235 322,2247 190,2237 193,2290"/>
        <Baseline points="193,2290 1030,2260 1442,2258"/>
        <TextEquiv conf="0.9922590805934026">
          <Unicode>ie le puis gaignier ne le scay nulement</Unicode>
        </TextEquiv>
      </TextLine>

      
      
      <TextLine id="eSc_line_121076a9" custom="structure {type:default;}">
        <Coords points="202,2343 202,2359 232,2371 234,2371 236,2371 239,2371 283,2359 287,2357 289,2357 324,2375 326,2375 329,2375 407,2359 469,2371 471,2371 473,2371 476,2371 499,2355 506,2350 540,2352 644,2362 646,2362 648,2362 651,2362 651,2359 662,2350 667,2346 681,2350 715,2359 717,2359 720,2359 722,2359 724,2359 724,2357 727,2357 734,2348 809,2348 844,2359 846,2359 849,2359 851,2359 881,2346 892,2341 904,2346 936,2357 938,2357 941,2357 943,2357 945,2357 961,2343 971,2336 1003,2343 1049,2352 1051,2352 1053,2352 1056,2352 1056,2350 1065,2341 1069,2339 1079,2341 1106,2348 1109,2348 1111,2348 1113,2348 1141,2341 1180,2329 1228,2339 1272,2346 1274,2346 1479,2332 1481,2304 1477,2274 1329,2263 1327,2263 1187,2279 1159,2281 1134,2279 1028,2272 1026,2272 892,2277 890,2277 888,2277 878,2286 872,2290 849,2286 821,2281 819,2281 816,2281 814,2281 807,2286 796,2295 349,2306 303,2297 292,2295 289,2295 287,2295 285,2295 283,2297 269,2309 200,2300 202,2343"/>
        <Baseline points="202,2343 1481,2304"/>
        <TextEquiv conf="0.9851458966732025">
          <Unicode>ar ie nay cure main che cheque medeffent</Unicode>
        </TextEquiv>
      </TextLine>

      
      
      <TextLine id="eSc_line_dee9789f" custom="structure {type:default;}">
        <Coords points="186,2405 188,2438 223,2424 271,2431 273,2431 276,2431 278,2431 278,2428 294,2412 381,2410 407,2424 411,2426 414,2426 416,2426 418,2426 425,2424 450,2412 464,2421 469,2424 471,2424 473,2424 476,2424 515,2417 621,2398 646,2410 655,2412 658,2412 660,2412 662,2412 685,2408 720,2398 736,2403 754,2410 757,2410 759,2410 821,2398 883,2387 947,2389 1046,2396 1049,2396 1205,2373 1205,2357 1201,2316 1044,2332 984,2325 968,2323 966,2323 964,2323 961,2323 959,2325 938,2336 911,2327 904,2325 901,2325 899,2325 876,2329 803,2343 770,2334 763,2332 761,2332 759,2332 738,2334 653,2350 538,2343 517,2343 515,2343 513,2343 506,2346 460,2359 379,2350 368,2350 365,2350 363,2350 358,2352 312,2366 276,2355 273,2355 271,2355 269,2355 266,2355 262,2355 213,2371 184,2359 186,2405"/>
        <Baseline points="186,2405 1205,2357"/>
        <TextEquiv conf="0.9893469987688838">
          <Unicode>ors sasist aploirrer elamne teulement</Unicode>
        </TextEquiv>
      </TextLine>

      
      
      <TextLine id="eSc_line_3620eef6" custom="structure {type:default;}">
        <Coords points="370,2396 345,2405 317,2415 204,2412 207,2454 207,2470 497,2472 499,2472 572,2456 579,2456 586,2456 671,2465 674,2465 676,2465 734,2451 805,2458 807,2458 809,2458 855,2444 860,2444 865,2444 904,2456 906,2456 908,2456 911,2456 913,2456 934,2444 943,2451 943,2454 945,2454 947,2454 950,2454 1023,2451 1026,2451 1028,2451 1028,2449 1040,2438 1042,2438 1067,2438 1313,2440 1316,2440 1318,2440 1380,2424 1380,2412 1373,2373 1244,2378 1237,2375 1203,2364 1201,2364 1198,2364 1196,2364 1136,2380 1125,2382 1095,2382 966,2373 964,2373 876,2378 874,2378 853,2389 844,2394 830,2389 793,2380 791,2380 789,2380 786,2380 784,2380 763,2392 761,2394 745,2394 687,2387 685,2387 609,2398 552,2405 501,2401 464,2398 462,2398 437,2403 404,2410 398,2405 386,2396 370,2396"/>
        <Baseline points="207,2454 427,2451 931,2419 1380,2412"/>
        <TextEquiv conf="0.9953519304593405">
          <Unicode>et mirtuis le Regarde assee pateusement</Unicode>
        </TextEquiv>
      </TextLine>

      
      
      <TextLine id="eSc_line_ad9e5947" custom="structure {type:default;}">
        <Coords points="204,2509 204,2534 418,2518 570,2518 715,2518 717,2518 720,2518 722,2518 722,2516 729,2509 736,2504 770,2507 835,2513 837,2513 839,2513 842,2513 842,2511 844,2511 849,2504 853,2497 943,2495 954,2497 987,2507 989,2507 991,2507 994,2507 996,2507 996,2504 998,2504 1005,2495 1007,2490 1157,2486 1164,2486 1203,2497 1205,2497 1208,2497 1210,2497 1272,2481 1274,2481 1277,2481 1362,2490 1364,2490 1366,2490 1419,2472 1419,2456 1415,2421 729,2438 727,2438 674,2451 572,2444 570,2444 202,2472 204,2509"/>
        <Baseline points="204,2509 1419,2456"/>
        <TextEquiv conf="0.9875095557598841">
          <Unicode>dontln dist ly enfes sais nul ariesteiuent</Unicode>
        </TextEquiv>
      </TextLine>

      
      
      <TextLine id="eSc_line_68e5718c" custom="structure {type:default;}">
        <Coords points="1537,2472 1288,2472 1286,2472 1283,2472 1240,2484 1233,2486 1231,2486 1217,2474 1214,2474 1212,2474 1210,2474 1208,2474 1182,2488 1178,2488 1166,2488 1081,2479 1079,2479 952,2497 943,2497 941,2497 869,2488 867,2488 865,2488 821,2502 814,2504 803,2504 724,2495 722,2495 720,2495 667,2509 660,2511 653,2511 614,2500 612,2500 609,2500 607,2500 605,2500 591,2513 589,2513 586,2513 524,2504 522,2504 520,2504 478,2518 455,2507 453,2507 450,2507 448,2507 402,2520 395,2523 391,2523 352,2511 349,2511 347,2511 195,2530 197,2566 197,2596 354,2573 402,2573 423,2587 425,2587 427,2587 430,2587 432,2587 434,2587 450,2573 499,2580 501,2580 503,2580 552,2569 586,2578 607,2582 609,2582 612,2582 655,2573 683,2569 704,2571 740,2576 743,2576 745,2576 759,2569 780,2557 826,2564 872,2571 874,2571 966,2557 1030,2546 1049,2553 1076,2562 1079,2562 1081,2562 1155,2557 1157,2557 1159,2557 1159,2555 1173,2543 1178,2541 1187,2543 1233,2555 1235,2555 1237,2555 1375,2532 1403,2530 1419,2530 1509,2541 1511,2541 1514,2541 1550,2523 1550,2507 1548,2479 1537,2472"/>
        <Baseline points="197,2566 1550,2507"/>
        <TextEquiv conf="0.9786607172431016">
          <Unicode>Iame de mores chy nõpoint Rop longuiment</Unicode>
        </TextEquiv>
      </TextLine>

      
      
      <TextLine id="eSc_line_9725b563" custom="structure {type:default;}">
        <Coords points="190,2622 190,2635 257,2649 260,2649 335,2647 338,2647 340,2647 340,2645 354,2633 501,2642 503,2642 506,2642 508,2642 533,2628 800,2633 803,2633 805,2633 835,2619 908,2631 911,2631 1007,2615 1026,2626 1028,2626 1030,2626 1033,2626 1113,2612 1389,2617 1392,2617 1394,2617 1440,2601 1440,2589 1435,2553 1231,2543 1228,2543 1226,2543 1224,2543 1224,2546 1210,2557 1208,2557 1069,2548 1067,2548 1065,2548 1030,2562 991,2550 989,2550 987,2550 901,2566 895,2566 888,2566 780,2557 777,2557 547,2576 540,2576 513,2564 510,2564 508,2564 506,2564 478,2578 467,2566 464,2566 462,2566 460,2566 356,2569 354,2569 352,2569 352,2571 340,2582 338,2582 333,2582 266,2571 264,2571 188,2585 190,2622"/>
        <Baseline points="190,2622 1044,2594 1440,2589"/>
        <TextEquiv conf="0.9733735152653286">
          <Unicode>es freres me pria moult espeaalment</Unicode>
        </TextEquiv>
      </TextLine>

      
      
      <TextLine id="eSc_line_08259720" custom="structure {type:default;}">
        <Coords points="1560,2610 1382,2612 1380,2612 1359,2601 1357,2601 1355,2601 1304,2612 1293,2615 1283,2612 1247,2601 1244,2601 1242,2601 1099,2605 1097,2605 1095,2605 1095,2608 1086,2615 1081,2619 1072,2615 1040,2605 1037,2605 1035,2605 957,2617 950,2617 941,2617 823,2610 821,2610 819,2610 803,2619 786,2628 710,2631 651,2631 641,2622 635,2615 632,2615 630,2615 628,2615 593,2622 552,2631 188,2628 190,2672 190,2688 384,2700 386,2700 388,2700 391,2700 404,2688 715,2693 717,2693 784,2681 823,2677 858,2681 904,2688 906,2688 908,2688 911,2688 911,2686 918,2681 922,2677 954,2681 1005,2686 1007,2686 1065,2679 1143,2670 1566,2672 1569,2647 1566,2642 1560,2610"/>
        <Baseline points="190,2672 549,2670 1141,2647 1569,2647"/>
        <TextEquiv conf="0.9917719693894081">
          <Unicode>Eue Ie dõnaisse a uous de cheu uient iargement</Unicode>
        </TextEquiv>
      </TextLine>

      
      
      <TextLine id="eSc_line_636ee982" custom="structure {type:default;}">
        <Coords points="1461,2649 1458,2649 1447,2658 1447,2661 1334,2661 1274,2661 1242,2649 1240,2649 1237,2649 1115,2665 1072,2670 982,2668 821,2663 819,2663 816,2663 798,2672 777,2679 710,2672 674,2670 671,2670 648,2674 602,2684 582,2674 570,2670 568,2670 566,2670 563,2670 559,2670 554,2677 543,2684 492,2677 483,2677 480,2677 471,2677 393,2691 195,2684 197,2732 197,2764 354,2741 395,2753 398,2753 400,2753 402,2753 404,2753 423,2739 513,2739 538,2750 543,2753 545,2753 547,2753 549,2753 556,2750 598,2734 623,2743 625,2743 628,2743 717,2732 757,2741 770,2746 773,2746 775,2746 777,2746 793,2741 832,2727 851,2739 858,2743 860,2743 862,2743 865,2743 938,2741 941,2741 957,2734 980,2723 994,2732 1000,2739 1003,2739 1005,2739 1007,2739 1129,2734 1132,2734 1148,2725 1164,2718 1212,2723 1272,2730 1274,2730 1530,2709 1532,2691 1527,2658 1477,2649 1461,2649"/>
        <Baseline points="197,2732 1532,2691"/>
        <TextEquiv conf="0.9712153492971908">
          <Unicode>Nel ne uous uit encore Ie uus ay en conuent</Unicode>
        </TextEquiv>
      </TextLine>

      
      
      <TextLine id="eSc_line_dd5e33dd" custom="structure {type:default;}">
        <Coords points="193,2794 193,2803 257,2817 260,2817 262,2817 308,2806 365,2812 368,2812 370,2812 372,2812 388,2801 391,2799 395,2801 430,2810 432,2810 434,2810 503,2799 526,2794 536,2796 556,2806 559,2806 561,2806 563,2806 584,2796 593,2792 637,2794 740,2803 743,2803 745,2803 747,2803 761,2792 770,2787 812,2792 890,2799 892,2799 895,2799 897,2799 908,2789 918,2783 943,2789 980,2796 982,2796 984,2796 1007,2787 1023,2780 1049,2787 1076,2792 1079,2792 1385,2778 1385,2755 1378,2723 1247,2723 1219,2707 1217,2707 1214,2707 1155,2707 1152,2707 1150,2707 1092,2727 1090,2727 1088,2727 1065,2716 1063,2716 1060,2716 975,2730 947,2732 913,2730 784,2718 782,2718 780,2718 754,2730 566,2725 563,2725 561,2725 524,2737 492,2748 414,2748 395,2739 375,2730 372,2730 370,2730 368,2730 349,2739 329,2750 190,2743 193,2794"/>
        <Baseline points="193,2794 664,2766 1385,2755"/>
        <TextEquiv conf="0.9767194554209709">
          <Unicode>ors est moutes lassus martin ismellement</Unicode>
        </TextEquiv>
      </TextLine>

      
      
      <TextLine id="eSc_line_0ae62c57" custom="structure {type:default;}">
        <Coords points="377,2785 375,2785 349,2803 319,2789 317,2789 315,2789 312,2789 285,2803 287,2842 287,2870 584,2852 678,2856 766,2861 768,2861 770,2861 773,2861 773,2858 775,2858 780,2852 784,2847 803,2852 828,2858 830,2858 832,2858 888,2849 911,2845 927,2847 973,2856 975,2856 1171,2852 1272,2833 1272,2819 1265,2776 1088,2785 1081,2780 1065,2769 1063,2769 1060,2769 998,2769 996,2769 994,2769 991,2769 973,2785 966,2789 936,2785 890,2780 888,2780 885,2780 883,2780 876,2787 869,2794 768,2796 720,2796 715,2794 692,2776 690,2776 687,2776 685,2776 616,2792 600,2778 598,2778 595,2778 593,2778 411,2796 391,2783 377,2785"/>
        <Baseline points="287,2842 1272,2819"/>
        <TextEquiv conf="0.9720256166024641">
          <Unicode>codbelles Wuides couta apertement</Unicode>
        </TextEquiv>
      </TextLine>

      
      
      <TextLine id="eSc_line_391e4c6d" custom="structure {type:default;}">
        <Coords points="207,2849 211,2886 250,2875 248,2845 239,2806 202,2815 207,2849"/>
        <Baseline points="207,2849 248,2845"/>
        <TextEquiv conf="0.9936293065547943">
          <Unicode>xi</Unicode>
        </TextEquiv>
      </TextLine>

      
      
      <TextLine id="eSc_line_b347fa3f" custom="structure {type:default;}">
        <Coords points="174,2902 174,2921 448,2923 450,2923 453,2923 455,2923 455,2921 460,2918 469,2907 490,2918 497,2921 499,2921 501,2921 522,2918 595,2904 618,2916 623,2918 625,2918 628,2918 646,2916 715,2904 727,2916 729,2916 729,2918 731,2918 734,2918 736,2918 738,2918 740,2918 743,2916 759,2904 828,2914 832,2914 835,2914 837,2914 881,2900 968,2911 984,2914 987,2914 989,2914 994,2911 1030,2898 1274,2909 1300,2909 1302,2909 1309,2909 1382,2893 1421,2907 1424,2907 1426,2907 1553,2904 1553,2872 1548,2840 1288,2826 1286,2826 1017,2847 1003,2847 998,2847 934,2833 931,2833 768,2847 724,2835 722,2835 720,2835 717,2835 669,2852 667,2852 662,2852 490,2840 487,2840 485,2840 441,2856 437,2856 427,2856 347,2845 345,2845 172,2858 174,2902"/>
        <Baseline points="174,2902 559,2884 1553,2872"/>
        <TextEquiv conf="0.9835407604341921">
          <Unicode>hien uoit ilme lenfant as areus cist i Nãment</Unicode>
        </TextEquiv>
      </TextLine>

      
      
      <TextLine id="eSc_line_aed938b0" custom="structure {type:default;}">
        <Coords points="163,2950 163,3001 216,3008 218,3008 220,3008 223,3008 223,3006 227,3003 248,2983 349,2983 388,3003 425,3026 427,3026 430,3026 432,3026 434,3026 462,3015 494,3026 497,3026 499,3026 589,3015 904,3022 906,3022 957,3019 959,3019 961,3019 980,3008 1019,2980 1040,2992 1042,2992 1044,2992 1046,2992 1049,2992 1049,2989 1072,2966 1412,2964 1477,3010 1484,2934 1479,2898 1281,2898 1205,2881 1203,2881 1201,2881 1198,2881 1198,2884 1196,2884 1184,2898 1157,2884 1155,2884 1044,2884 1042,2884 1040,2884 977,2902 975,2902 968,2902 803,2888 800,2888 798,2888 796,2888 796,2891 782,2902 646,2891 644,2891 641,2891 609,2907 595,2893 593,2893 591,2893 589,2893 494,2904 467,2893 464,2893 462,2893 460,2893 425,2909 421,2914 161,2914 163,2950"/>
        <Baseline points="163,2950 1014,2932 1484,2934"/>
        <TextEquiv conf="0.9297663388044938">
          <Unicode>Et leu a dit serdierẽs Il me fault uran muens</Unicode>
        </TextEquiv>
      </TextLine>

      
    </TextRegion>
    
    <TextRegion id="eSc_textblock_3d0d9f99"  custom="structure {type:text;}">
      <Coords points="1500,579 1550,588 1560,641 1470,669 1500,579"/>
      
    </TextRegion>
    

    
  </Page>
</PcGts>
