3104 4140
1408 738 2871 846 Dont e ceurt acoler ⁊ la uat sur le targe
1428 809 2837 903 Et celle sescria disant de uray coraige
1447 869 2947 963 hie douche mere dieu romie bõur etsaide
1495 929 3009 1021 y uray que Ihũcrist uarda ton quilgebaia
1465 982 3023 1081 et que sans point sentir de naturel ouraige
1518 1044 3023 1150 ortas ẽt tes sains flans lagmel de hault
1440 1110 3021 1230 qui pour nous macater uault meur a hõte
1461 1168 3018 1292 ieullies chy demoustrer ache saux sen oult
1438 1230 2993 1357 uoire sil nest ainsy coupuist en conparaige
1532 1292 3007 1426 le uie mene sans maintenr folaige
1424 1354 3014 1497 la de moustra Iluĩs qui maint ou hault estaig
1401 1416 3018 1557 Iuyracles ponffitans a rous cheux qui sontso
1516 1476 3023 1623 egueur or enteu des pour dieu qui tout cr
1451 1534 2804 1674 le siuatour de rõme Ie Rome a cola
1442 1589 1778 1683 or pbresi
1801 1619 2846 1731 uous oir che qui ly auerta
1403 1665 2669 1780 Le Romne gentreux lorison desima
1371 1727 3009 1858 Et dieux parse douchour loyet esconta
1369 1789 3030 1943 Et our dõner epample au peiqrle chael
1369 1858 2945 2007 De iquiener lerpequnt miracle demoustra
1447 1943 2779 2051 elles que ie dray qui oir me uora
1382 2010 2703 2104 ytreffaux sinatoir acerre cancela
1537 2074 2843 2168 sten dy le corps et tous ly hireca
1412 2129 2896 2247 due telle fumnee le corps ly enflamna
1387 2196 3018 2318 gue Rretous pardessons esprire taluma
1378 2260 3032 2385 t ad ardoit touta flame Rage dõt dieu Reclon
1415 2339 3028 2461 nen uoit qui set̾ peqmies du tout de con et
1357 2415 2717 2511 EEEt dist ale roue mon corps mora
1396 2472 3030 2573 euous prieauercls bien uoy cõmeshe ua
1339 2525 2984 2642 r mandes chyderdeus ⁊ aua maune cha
1366 2589 2894 2691 conques le Roine gens de lostellusqua
1318 2640 2809 2755 Uresqumes et uarles ia cuns a courat la
1327 2702 3032 2817 ꝑuant il uirent leur maistre sormẽt Mand
1380 2771 2919 2870 pn autre smatoir qui cheluy inbult ama
1343 2833 3032 2939 dut pardedeul le cambee grantgent pann
1332 2881 2878 3008 Ruant uirent Iirant qui ainsy ardoit la
1306 2944 3030 3063 Mroult en eurent meruelle gas n. leurdeclan
1325 2996 3016 3139 Cõment a se cõmere Qu tout sen cuer dõm
2855 3535 3000 3622 s
