3104 4140
225 717 1426 837 le dame ly dõna xu flornis massis
230 768 1543 899 Et ly rõmains sen ua ioians ⁊ espaubis
223 825 1472 959 Ale uaie se met que ny a fait detris
211 899 1571 1023 Onques ne saresta pour certain le uous dis
213 949 1709 1083 Cant quen londres entra et au palais se mist
230 1009 1474 1124 Ia fu ly ques gerari qui tant fu postais
218 1076 1557 1173 A tant est ly mesages qui sescrie a hault ary
213 1136 1810 1246 Et dist chieux dame dieux qui morut Pour iuis
218 1198 1555 1288 Et qui fu au tierch iour de mort surexis
227 1251 1619 1343 l gart che gentiea conte ⁊ nrestout sectanus
204 1308 1518 1400 muigsagier dist ly contes uous sores ueneis
200 1380 1486 1462 Eequel terre ueires ⁊ de cõfait fet pais
188 1382 211 1517 4
230 1444 1615 1522 ire Ie uins aorõme par dieu de paradis
202 1497 1461 1577 Me sagier suy au pape qui tant est postaisz
331 1547 1562 1623 chy endroit meuoie ly uous pois heuris
190 1596 1566 1676 Eui deqle terre tiit les, castiaux et les chis
188 1653 1440 1752 Cenez uecy un brief que deluy su tranus
262 1720 821 1812 t se faites tou
87 1775 163 1987 pn
193 1787 1691 1895 ist ly contes prist le urirf qͣmi tant su agensus
692 1777 1254 1823 ii leiors fox soige bririe
190 1860 1525 1934 Iltant et uous elame en ou castiel de pris
184 1918 1576 2000 Et quant ly contes uoit le rome centier t
207 1973 1359 2067 Cost et isuellement est en esta salis
197 2035 1267 2125 si le rome ua se ly dist par ains
200 2093 1523 2182 Uers chy une lettre que iy pois uo maris
188 2157 1564 2247 Enuioie a uo gent corps donclie dame depris
184 2210 1304 2304 Quãt̾le roune loit sy en ieta un as
179 2270 1412 2375 Elle baisa le briẽf ou .u. fies ou sisz
303 2339 1334 2438 uant lie rRome tiit le lettre seelle
294 2396 1596 2481 rant ioie en demena le aome heneree
186 2451 1458 2543 Le brief uaisa u. fois en une Rodõnee
172 2520 1424 2612 Et a dit mere dieu uous en soirs loee
181 2582 1649 2684 uant nouuelles oray du Roy celle iouruee
179 2651 1495 2757 u conte ꝑlisceudyet dist sans demouree
161 2725 1424 2822 Sire faitrs le lettre lere sans arestee
158 2803 1458 2884 Il sen chert erbãment la ly toins deliirer
170 2852 1306 2953 Chieuxile saiel sa ie chere faussee
163 2925 1468 3061 Puis li sy le tenelir corement ale chilre
