3104 4140
278 662 1677 777 Que mis qui soit uiuãt nel saroit Racõter
278 738 1728 825 Du gnͣt deul quelle fait cõmẽcha a crier
280 791 1882 894 Ses chemaux de son chief qui Reluisoient cler
289 855 1852 954 Deschira et Rompy que te sen uault cesser
278 919 1829 1016 Et dist a beatris ne p poroie endurer
271 986 1785 1085 Si gũt pequiet a faire Ie ny ose penser
280 1055 1935 1147 Ianne mieux q̃ dung contel ie me uoise frapar
283 1115 1849 1207 Qua faire tel pequiet poͬͬ mõ ame dapuer
283 1182 1776 1265 l dont print ung contel et se uoloit tuer
280 1235 1716 1331 Qñt ueatris li dit dame laissies ester
287 1299 1723 1400 Bien uoꝰ cõseilleray sei uolless acorder
299 1359 1718 1469 Il uoꝰ couuiẽt de chy ꝑtir et deseurer
294 1426 1870 1536 Gar puis que ur̃ez pes ne se ueult acorder
308 1494 1900 1591 De prendre uo gent corxs a moullier et a per
301 1563 1822 1653 Dedens cestuy Royalme ne podes demourer
303 1609 1895 1704 Dame che dist helamne dieu uoꝰ a fait parler
352 1667 1955 1764 muit entra helame dedeus le haulte mer
287 1722 1866 1816 Aueut ung miarõmer ou młt se pot fier
296 1777 1836 1881 Que gñt pipe auoit de le uelle o uisz cler
536 1839 1633 1936 i ue lesRoyne puy le mer salee
347 1890 1767 2000 dolance et courouchie et sormẽt a iree
319 1941 1916 2053 de ceur fReclama diei qui list chiel ⁊ Rousee
303 2005 1555 2095 det dist saie marie sroyne courõuee
319 2053 1702 2159 Tom Ie sin a mõ ceur dolante ⁊ to̾mẽter
310 2113 1792 2219 pomais dame ne fu Ie croy plus esgaree
312 2164 1780 2286 lhy auchomes Rois hoins de gũt Renõmee
342 2237 1647 2346 ⁊ fesistes de moy de uo corps lengeuree
398 2272 1751 2394 me uollees auoir cõme ur̃e espousee
312 2325 1856 2456 Et iameroie mieulx que Ie fuisse embrasee
303 2389 1774 2516 Que Ie fuisse a men ꝑe ensy a baudõnee
315 2456 1583 2569 Ausy di soitt helame qui ẽ destõforter
303 2497 1893 2633 Et le uous Rois authoine a le chiere mẽbree
308 2578 1562 2693 Eestoir en son palais a Icelle uespree
312 2628 1709 2746 qeurenca luy auoit se maiie priuee
340 2688 1755 2803 e Rroy sala conchier Iusqua le matinee
322 2737 1838 2868 endemain au matin au point de la Iõuer
306 2822 1803 2916 Se leua le frans Rois a le brache quuree
326 2868 1861 2994 Cõme chieux qui auoit uolente et pensee
319 2939 1649 3100 De se fille espouser q̃ blance fu que fer
