3104 4140
140 846 1329 961 Derant le euchoesil ychy noꝰ parlons
156 910 1534 1023 pus ou monstier saint pol su Site le raison
225 984 1428 1071 uyauoit que yaus deux a ycelle soisbas
243 1037 1300 1131 chely eht crucliifie quasis i auoit on
193 1083 1440 1200 la uyot couuent ly uourgois de Rgnon
181 1140 1477 1267 Que sil auoit dely son uoloit ⁊ fes sen boii
181 1205 1346 1324 ue ql lespouseroit et seroit sen baron
172 1267 1152 1377 elle sy acorda ppar le condission
589 1313 1375 1414 ueloi mes apres le fachon
190 1357 1491 1478 Ie en busa couue nent tenr par nul coron
193 1419 1318 1538 lle le fist semẽre mes il iura Ihũi
200 1467 1410 1603 õques ny ot couuent aby nean m non
177 1522 1355 1665 Et la se porpareis par malle de fraison
179 1582 1382 1722 doiant le auchi fis dequoy porle auous
181 1630 1442 1773 Nais ly sains eeuchefis sescria a hault tou
179 1669 1504 1823 dar Ie ghrasse de diou ⁊ de sendigne non
368 1754 1520 1874 e pñt tous cheus qui estoient eruron
167 1828 1083 1934 quil estaitrt pariures atort
1205 1803 1518 1885 sons raiso
326 1833 1695 1977 gneurs chus auclir fis qui tout estoit dargent
303 1943 1083 2033 ⁊stoit adout clines a destre
1159 1904 1445 2005 nopemar
167 1973 1640 2086 uene uerut crestoit cheux qui farent en put
172 2030 1640 2141 Retourna le sien chietz uoiant tout clerement
200 2093 1511 2191 ur le semestre bos le clina prepement
195 2152 1555 2254 n eisant au uorlet con loy haulterent
172 2198 1702 2311 põ uas menx dist dieux le amen non faussement
172 2258 1691 2373 Pout ot ens ou moustul sy grant murmurement
181 2311 1610 2424 Don ny oist lun lautre fatre nul parlement
197 2359 1571 2472 our le grande miracle sesqoirent bygent
184 2447 241 2550 E
283 2415 1672 2520 souerent les cloques oussy moult nõblemeut
243 2493 648 2587 offissiaux fi
186 2539 209 2589 8
713 2477 1454 2555 saiser celuy brieument
308 2527 1458 2649 seprison le mist sy dolireusement
190 2573 1656 2711 eiul fu puisse dy ues et pians duremont
184 2647 1799 2769 Euant on ly uault dõner le doussielle o corpsgent
197 2720 1385 2815 usy ly cucRis porla certainement
165 2785 1380 2884 Etoseuescre le e fist Il Rtouruement
177 2831 1465 2932 Eucdire le uoiton alandres tpropement
184 2881 1645 3003 us au moustier saint pol la est de sin argent
181 2955 1543 3054 Et fu mir et ouures par le cõmandement
188 3015 1548 3102 de heury dengliterie au fier cotenement
170 3079 469 3144 rist ꝯ be
602 3070 1663 3146 ouurer que Sioux ama formen
170 3107 1778 3219 ul ou palamalonorelz fu brisses longneinem
