3104 4140
85 719 1612 871 Et Ie ie puis uir leure que qe soie creuertis
92 786 1734 931 ou et grestous mes peuples en seray cõuertis
96 871 1527 986 et crorous en celuy qui en le crois su mis
105 936 1451 1053 damlres et penes par lel felons iuis
96 982 1543 1117 lhaulte uois sescrie ly frans Rois seignoures̃
108 1064 1543 1179 qa auant uoine hent ne soies quirfaĩtis
89 1108 1741 1253 Car chieips nous aidera pour uoir le upbeis
98 1177 1769 1317 out chieux Rches ulasons mest dõnes et tumrã
105 1239 1757 1384 euant sy hõmes le uirent sesurent esmares
101 1320 1433 1446 Et il leur a coute ⁊ distases marchis
119 1386 1394 1506 oment Il sest Reidus egere Ihũseist
131 1446 1419 1584 ffin que sil escare de ces pesms estis
188 1520 1339 1644 e baptisera luy et tout sen pais
317 1612 713 1695 unfera lin
105 1662 1707 1768 Et chil sy acorderet sy ont leur orps poͬdis
101 1734 1748 1830 Sy treshault que ly camps en fu tous Retẽtis
121 1798 1849 1908 dt chil de caste. uiennet la fu chreux estour pris
190 1865 1599 1966 e quoy maint sarazii y fu mort et occis
135 1922 1366 2035 Et ly fors amraux uy est mie fabie
133 1966 1810 2104 uuy hons deuantt ses corpl ne paiet escriper uis
236 2026 2013 2155 aigneur par deuant castre que nõmee est plaissanche
115 2088 1840 2208 bie gramdde le uataille de le gent sans creanche
119 2157 1739 2267 Sy dous roit cloeis penoit au puing le lanche
126 2228 1633 2332 Pn sarazui fery par sy grande mescanche
101 2279 1725 2392 Du chenai labat mort adoeu et a uienganche
115 2359 1783 2451 Et ue tierch ⁊ le quart fist morir agreuanche
121 2426 1997 2518 Iaulois sy prennes bien aggent de grot uaillaullie
105 2484 1767 2578 Eet la fys dieux cpour eux telle senefianche
131 2546 1960 2654 que par che fait en fu gaulle nõmei franche
154 2631 1755 2702 nniy que uous ores sans mile demoiranche
253 2681 1815 2766 ceste mtere ay chy mis en painẽ urauclie
158 2737 1780 2831 hrirumẽt en passera le fait et lordenãche
126 2801 1619 2895 Far le gent cloeis y fu de tel poissanche
126 2861 1921 2953 Et dieiys lour enue a fecours ⁊ peliuranche
218 2921 2020 3022 elemes que par forele tournerent adoientaelie
167 2983 1764 3104 ses sarayus de castre le uille dõnoranch
