<?xml version="1.0" encoding="UTF-8"  standalone="yes"?>
<PcGts xmlns="http://schema.primaresearch.org/PAGE/gts/pagecontent/2019-07-15" xmlns:xsi="http://www.w3.org/2001/XMLSchema-instance" xsi:schemaLocation="http://schema.primaresearch.org/PAGE/gts/pagecontent/2019-07-15 http://schema.primaresearch.org/PAGE/gts/pagecontent/2019-07-15/pagecontent.xsd">
  <Metadata>
	<Creator>escriptorium</Creator>
	<Created>2025-10-15T20:24:15.157050+00:00</Created>
        <LastChange>2025-10-15T20:24:15.157071+00:00</LastChange>

  </Metadata>
  <Page imageFilename="620416201_MS0742_0766_0102B.jpg" imageWidth="3104" imageHeight="4140">

    
    <TextRegion id="eSc_textblock_01ae26f5"  custom="structure {type:text;}">
      <Coords points="1267,717 2542,781 2570,917 2662,975 2662,1285 2717,1561 2848,1619 3057,1637 3048,1736 2717,1858 2726,1938 2837,2060 2864,2244 2837,2380 2885,2438 2956,2447 2956,2509 2682,2592 2634,2649 2625,2803 2763,2852 2754,2950 2671,3098 1762,3144 1184,3107 1166,2088 1212,1757 1157,1582 1231,1488 1267,717"/>
      
      
      <TextLine id="eSc_line_7ab43568" custom="structure {type:default;}">
        <Coords points="2501,779 2478,777 2455,777 2432,775 2409,775 2393,772 2344,788 2264,786 2241,765 2225,765 2197,781 2165,765 2162,765 2160,765 2075,777 1985,772 1969,756 1967,756 1965,756 1962,756 1960,756 1932,770 1863,770 1813,745 1810,745 1808,745 1806,745 1803,745 1801,745 1744,761 1654,761 1624,738 1622,738 1619,738 1617,738 1537,749 1511,733 1509,733 1507,733 1504,733 1502,733 1500,733 1500,736 1481,749 1304,724 1304,784 1302,795 1392,811 1394,811 1396,811 1428,802 1454,818 1456,818 1458,818 1461,818 1463,818 1465,818 1474,809 1486,818 1486,821 1488,821 1491,821 1493,821 1566,809 1587,825 1589,825 1592,825 1594,825 1741,816 1806,834 1808,834 1810,834 1813,834 1854,821 1923,837 1925,837 1928,837 1965,827 1999,839 2001,839 2004,839 2006,839 2008,839 2022,827 2040,844 2043,844 2045,844 2183,850 2185,850 2188,850 2229,837 2289,855 2291,855 2294,855 2505,846 2508,825 2508,779 2501,779"/>
        <Baseline points="1304,784 1474,781 2073,818 2508,825"/>
        <TextEquiv conf="0.971279450365015">
          <Unicode>On coquin ot laieuk qui fu estrumeles</Unicode>
        </TextEquiv>
      </TextLine>

      
      
      <TextLine id="eSc_line_cd86c0d9" custom="structure {type:default;}">
        <Coords points="2549,846 2547,841 2254,846 1997,839 1983,825 1974,818 1974,816 1971,816 1969,816 1967,816 1965,816 1939,823 1902,834 1889,823 1889,821 1886,821 1884,821 1882,821 1868,821 1831,825 1806,821 1767,809 1764,809 1762,809 1760,809 1734,818 1730,818 1718,816 1645,804 1642,804 1640,804 1608,814 1601,816 1599,814 1587,804 1587,802 1585,802 1583,802 1580,802 1309,804 1309,844 1309,883 1357,860 1470,878 1472,878 1474,878 1518,867 1617,880 1619,880 1622,880 1624,880 1642,869 1799,873 1813,887 1813,890 1815,890 1817,890 1820,890 1898,880 1946,901 1953,903 1955,903 1958,903 1978,901 2070,892 2098,906 2105,908 2107,908 2109,908 2135,906 2222,899 2547,917 2551,890 2549,846 2549,846"/>
        <Baseline points="1309,844 1718,853 1992,878 2551,890"/>
        <TextEquiv conf="0.9882458433126792">
          <Unicode>estoit tout potis les Ie nolya ot arses</Unicode>
        </TextEquiv>
      </TextLine>

      
      
      <TextLine id="eSc_line_87b917e7" custom="structure {type:default;}">
        <Coords points="2057,880 2034,880 2020,880 2006,887 1997,892 1886,890 1868,885 1780,864 1778,864 1776,864 1737,880 1732,883 1730,880 1714,864 1714,862 1711,862 1709,862 1504,855 1502,855 1500,855 1451,867 1438,857 1435,857 1433,857 1431,857 1428,857 1426,857 1426,860 1412,871 1297,869 1297,908 1295,936 1440,924 1470,942 1472,945 1474,945 1477,945 1479,945 1481,945 1486,942 1518,926 1537,945 1539,945 1539,947 1541,947 1543,947 1546,947 1566,945 1654,931 1677,945 1679,945 1682,945 1684,945 1757,940 1767,949 1771,952 1771,954 1774,954 1776,954 1778,954 1780,954 1790,949 1813,938 1859,949 1861,949 1863,949 1994,942 2031,954 2063,965 2066,965 2068,965 2268,959 2271,936 2271,896 2119,896 2103,890 2066,880 2057,880"/>
        <Baseline points="1297,908 1684,906 2271,936"/>
        <TextEquiv conf="0.9853630600304439">
          <Unicode>Lelame disoi ly truandesgares</Unicode>
        </TextEquiv>
      </TextLine>

      
      
      <TextLine id="eSc_line_0576930b" custom="structure {type:default;}">
        <Coords points="1279,963 1277,988 1454,988 1470,995 1516,1014 1518,1014 1520,1014 1523,1014 1560,998 1580,991 1668,991 1688,1002 1705,1014 1707,1014 1709,1014 1711,1014 1748,1007 1794,995 1831,1009 1861,1021 1863,1021 1866,1021 1868,1021 1902,1011 1948,1000 1967,1014 1974,1021 1976,1021 1978,1021 2174,1030 2176,1032 2225,1032 2225,1030 2227,1030 2229,1030 2234,1025 2257,1007 2314,1023 2317,1023 2319,1023 2321,1023 2358,1009 2390,1030 2395,1035 2397,1035 2399,1035 2636,1039 2641,1005 2641,970 2475,954 2473,954 2356,956 2273,959 2254,952 2238,947 2236,947 2234,947 2231,947 2215,952 2199,956 2192,949 2185,945 2185,942 2183,942 2181,942 2179,942 2107,947 2024,952 2015,942 2004,933 2004,931 2001,931 1999,931 1997,931 1994,931 1971,940 1953,947 1930,938 1893,926 1891,926 1822,926 1820,926 1817,926 1815,926 1806,933 1797,940 1785,933 1767,924 1764,924 1762,924 1760,924 1734,931 1723,933 1677,929 1601,919 1599,919 1596,919 1585,924 1562,936 1509,922 1493,917 1491,917 1488,917 1486,917 1484,917 1481,919 1463,936 1445,919 1445,917 1442,917 1440,917 1279,913 1279,963"/>
        <Baseline points="1279,963 1753,968 2043,993 2641,1005"/>
        <TextEquiv conf="0.9836272918261014">
          <Unicode>Par foy dame dist il afeiguenr maiuerei</Unicode>
        </TextEquiv>
      </TextLine>

      
      
      <TextLine id="eSc_line_92b204f0" custom="structure {type:default;}">
        <Coords points="1295,1032 1293,1055 1431,1055 1449,1060 1474,1069 1477,1069 1479,1069 1520,1062 1555,1058 1571,1064 1596,1076 1599,1076 1601,1076 1603,1076 1606,1076 1606,1074 1615,1067 1619,1062 1658,1067 1769,1081 1771,1081 1849,1071 1900,1067 1912,1074 1923,1085 1925,1085 1928,1085 1930,1085 1932,1085 1962,1076 1974,1071 1988,1076 2015,1087 2017,1087 2312,1094 2314,1094 2317,1094 2337,1085 2346,1083 2365,1087 2395,1094 2397,1094 2399,1094 2429,1090 2473,1081 2487,1090 2496,1099 2498,1099 2501,1099 2503,1099 2659,1094 2662,1069 2657,1023 2298,1023 2284,1014 2266,1007 2264,1007 2261,1007 2169,1014 2112,1016 2084,1011 2017,998 2015,998 1891,1007 1863,1009 1859,1007 1833,993 1831,993 1829,993 1767,1002 1606,988 1603,988 1601,988 1599,988 1587,1000 1560,986 1557,986 1555,986 1553,986 1511,1000 1410,984 1408,984 1295,995 1295,1032"/>
        <Baseline points="1295,1032 1698,1035 2103,1062 2662,1069"/>
        <TextEquiv conf="0.9964639648795128">
          <Unicode>Ie uout seray boiaux se prendre me uoles</Unicode>
        </TextEquiv>
      </TextLine>

      
      
      <TextLine id="eSc_line_8d63dfcd" custom="structure {type:default;}">
        <Coords points="1304,1110 1304,1124 1320,1131 1325,1110 1323,1074 1304,1074 1304,1110"/>
        <Baseline points="1304,1110 1325,1110"/>
        <TextEquiv>
          <Unicode></Unicode>
        </TextEquiv>
      </TextLine>

      
      
      <TextLine id="eSc_line_54557352" custom="structure {type:default;}">
        <Coords points="1346,1140 1408,1131 1421,1143 1421,1145 1424,1145 1426,1145 1428,1147 1488,1147 1488,1145 1491,1145 1495,1145 1541,1131 1596,1145 1612,1147 1615,1147 1617,1147 1626,1145 1652,1133 1679,1145 1686,1147 1688,1147 1691,1147 1693,1147 1702,1145 1732,1133 1744,1145 1748,1147 1748,1150 1751,1150 1753,1150 1755,1150 1757,1150 1774,1145 1803,1136 2006,1136 2013,1145 2020,1150 2020,1152 2022,1152 2024,1152 2027,1154 2105,1154 2105,1152 2107,1152 2109,1152 2116,1145 2123,1138 2146,1145 2167,1152 2169,1152 2172,1152 2174,1152 2190,1145 2204,1140 2234,1145 2273,1152 2275,1152 2349,1145 2367,1145 2369,1145 2386,1156 2388,1156 2390,1156 2393,1156 2519,1145 2521,1124 2519,1085 2411,1085 2406,1081 2397,1071 2395,1071 2393,1071 2390,1071 2346,1078 2328,1083 2314,1078 2291,1069 2289,1069 2287,1069 2284,1069 2252,1076 2234,1081 2091,1081 2084,1071 2080,1069 2080,1067 2077,1067 2075,1067 2073,1067 2017,1071 1942,1076 1935,1069 1930,1062 1928,1062 1928,1060 1925,1060 1923,1060 1921,1060 1882,1067 1831,1076 1801,1064 1790,1060 1787,1060 1785,1060 1760,1064 1725,1069 1711,1062 1702,1058 1700,1058 1543,1055 1438,1055 1435,1055 1433,1055 1431,1055 1408,1071 1350,1053 1348,1110 1346,1140"/>
        <Baseline points="1348,1110 2521,1124"/>
        <TextEquiv conf="0.9948047056794167">
          <Unicode>aistoy che dist clame que tu soirs tures</Unicode>
        </TextEquiv>
      </TextLine>

      
      
      <TextLine id="eSc_line_55b1730e" custom="structure {type:default;}">
        <Coords points="1260,1175 1258,1200 2632,1209 2636,1189 2634,1147 2519,1147 2512,1145 2482,1133 2480,1133 2478,1133 2422,1145 2406,1147 2388,1145 2314,1131 2312,1131 2310,1131 2277,1145 2275,1145 2275,1143 2264,1133 2264,1131 2261,1131 2259,1131 2199,1131 2197,1131 2195,1131 2192,1131 2179,1143 2176,1143 2160,1129 2158,1129 2156,1129 2153,1129 2054,1143 2047,1143 2038,1143 1946,1127 1794,1127 1792,1127 1790,1127 1787,1127 1769,1140 1764,1140 1691,1129 1688,1129 1343,1136 1323,1122 1320,1122 1318,1122 1316,1122 1313,1122 1260,1136 1260,1175"/>
        <Baseline points="1260,1175 2636,1189"/>
        <TextEquiv conf="0.9907208681106567">
          <Unicode>Aame roie Rop mieux que fuissics en Roues</Unicode>
        </TextEquiv>
      </TextLine>

      
      
      <TextLine id="eSc_line_4b7e44f9" custom="structure {type:default;}">
        <Coords points="1260,1244 1258,1271 1270,1281 1272,1281 1274,1281 1277,1281 1346,1267 1497,1281 1500,1281 1502,1281 1532,1267 1539,1262 1587,1262 1592,1267 1596,1274 1599,1274 1599,1276 1601,1276 1603,1276 1606,1276 1684,1267 1711,1265 1721,1267 1755,1281 1757,1281 1760,1281 1762,1281 1764,1281 1780,1267 1783,1267 1785,1267 1801,1281 1801,1283 1803,1283 1806,1283 1808,1283 1810,1283 1854,1269 1856,1269 1932,1285 1935,1285 1937,1285 1939,1285 1962,1269 1967,1267 1971,1269 2001,1283 2004,1283 2006,1283 2008,1283 2011,1283 2024,1271 2158,1281 2160,1281 2162,1281 2165,1281 2176,1271 2183,1267 2218,1271 2312,1285 2314,1285 2395,1274 2425,1269 2434,1274 2464,1288 2466,1288 2468,1288 2604,1274 2606,1253 2604,1212 2512,1196 2510,1196 2508,1196 2480,1209 2478,1212 2298,1212 2291,1209 2238,1193 2236,1193 2234,1193 2043,1207 2024,1207 2015,1207 1932,1191 1930,1191 1928,1191 1893,1205 1852,1191 1849,1191 1684,1191 1682,1191 1624,1205 1619,1205 1617,1205 1601,1191 1601,1189 1599,1189 1596,1189 1594,1189 1592,1189 1541,1202 1518,1189 1516,1189 1514,1189 1511,1189 1509,1189 1472,1202 1470,1205 1396,1205 1396,1202 1382,1191 1382,1189 1380,1189 1378,1189 1375,1189 1260,1200 1260,1244"/>
        <Baseline points="1260,1244 2606,1253"/>
        <TextEquiv conf="0.9843026464400084">
          <Unicode>Sũne seule nunit fuisse gigans les mes costes</Unicode>
        </TextEquiv>
      </TextLine>

      
      
      <TextLine id="eSc_line_d6ce6c14" custom="structure {type:default;}">
        <Coords points="1260,1313 1258,1338 1366,1338 1366,1336 1369,1336 1371,1336 1392,1322 1417,1340 1419,1340 1421,1340 1424,1340 1433,1340 1509,1324 1571,1336 1573,1336 1576,1336 1612,1327 1640,1343 1642,1345 1645,1345 1647,1345 1649,1345 1665,1343 1737,1329 1764,1345 1771,1347 1774,1347 1776,1347 1870,1345 2238,1338 2277,1352 2280,1352 2282,1352 2289,1352 2399,1340 2650,1357 2655,1340 2655,1294 2360,1276 2358,1276 2294,1288 2289,1288 2273,1271 2273,1269 2271,1269 2268,1269 2266,1269 2061,1283 2043,1283 2040,1283 2015,1265 2013,1265 2011,1265 2008,1265 2006,1265 1965,1281 1962,1281 1813,1281 1810,1278 1762,1260 1760,1260 1757,1260 1755,1260 1707,1274 1693,1260 1691,1260 1688,1260 1617,1258 1615,1258 1465,1271 1461,1271 1458,1271 1401,1253 1398,1253 1396,1253 1260,1267 1260,1313"/>
        <Baseline points="1260,1313 1658,1308 2404,1324 2655,1340"/>
        <TextEquiv conf="0.9821136303850122">
          <Unicode>Et ly Abaux reppont dame uous maueres</Unicode>
        </TextEquiv>
      </TextLine>

      
      
      <TextLine id="eSc_line_6e88417c" custom="structure {type:default;}">
        <Coords points="2526,1334 2514,1331 2503,1338 2482,1345 2445,1338 2404,1329 2402,1329 2399,1329 2397,1329 2388,1338 2383,1343 2241,1345 2135,1338 2004,1327 2001,1327 1946,1338 1916,1343 1907,1338 1893,1324 1891,1324 1889,1324 1886,1324 1884,1324 1861,1338 1852,1343 1785,1343 1780,1338 1769,1327 1769,1324 1767,1324 1764,1324 1688,1324 1686,1324 1684,1324 1682,1324 1682,1327 1668,1338 1663,1343 1603,1343 1599,1338 1580,1322 1578,1322 1576,1322 1573,1322 1571,1322 1543,1334 1534,1324 1534,1322 1532,1322 1530,1322 1332,1322 1329,1322 1327,1322 1325,1322 1325,1324 1309,1338 1306,1338 1260,1338 1260,1373 1258,1403 1369,1391 1583,1391 1635,1405 1649,1407 1652,1407 1654,1407 1682,1405 1746,1393 1757,1403 1762,1407 1762,1409 1764,1409 1767,1409 1937,1412 1939,1412 1942,1412 1974,1403 1997,1396 2080,1403 2238,1414 2241,1414 2243,1414 2282,1400 2289,1398 2296,1400 2321,1412 2323,1412 2326,1412 2328,1412 2372,1400 2374,1400 2388,1414 2390,1414 2393,1414 2395,1414 2468,1400 2480,1398 2489,1400 2542,1414 2544,1414 2547,1414 2549,1414 2551,1414 2563,1403 2565,1382 2563,1338 2549,1336 2526,1334"/>
        <Baseline points="1260,1373 2565,1382"/>
        <TextEquiv conf="0.9830598918403067">
          <Unicode>adont le ua baifier et le bouque et lenes</Unicode>
        </TextEquiv>
      </TextLine>

      
      
      <TextLine id="eSc_line_fe70cbf4" custom="structure {type:default;}">
        <Coords points="1272,1435 1270,1446 1371,1465 1373,1465 1375,1465 1378,1465 1394,1451 1447,1465 1449,1465 1451,1465 1610,1453 1624,1465 1624,1467 1626,1467 1629,1467 1631,1467 1709,1458 1757,1469 1760,1469 1762,1469 1838,1455 1840,1455 1843,1455 1965,1472 1967,1472 2068,1458 2075,1458 2086,1458 2188,1474 2190,1474 2192,1474 2243,1460 2245,1460 2264,1474 2266,1474 2268,1474 2271,1474 2340,1462 2351,1460 2367,1462 2443,1476 2445,1476 2646,1465 2648,1449 2648,1400 2632,1391 2630,1391 2627,1391 2625,1391 2623,1391 2620,1391 2606,1403 2600,1409 2551,1409 2537,1403 2519,1389 2517,1389 2514,1389 2512,1389 2353,1400 2284,1386 2282,1386 2280,1386 2277,1386 2277,1389 2264,1400 2257,1409 2222,1409 2188,1400 2100,1384 2098,1384 2096,1384 2093,1384 2068,1400 2059,1407 1962,1407 1953,1400 1916,1382 1914,1382 1912,1382 1909,1382 1907,1382 1907,1384 1889,1400 1884,1405 1734,1405 1725,1400 1693,1382 1691,1382 1688,1382 1686,1382 1629,1398 1622,1400 1619,1398 1587,1380 1585,1380 1583,1380 1580,1380 1509,1391 1495,1380 1495,1377 1493,1377 1491,1377 1488,1377 1382,1398 1378,1398 1375,1398 1327,1380 1325,1380 1323,1380 1320,1380 1272,1396 1272,1435"/>
        <Baseline points="1272,1435 2648,1449"/>
        <TextEquiv conf="0.9698816736539205">
          <Unicode>INes de le pãme clamne fu sy bien asseues</Unicode>
        </TextEquiv>
      </TextLine>

      
      
      <TextLine id="eSc_line_87d4a397" custom="structure {type:default;}">
        <Coords points="2699,1490 2694,1469 2620,1458 2618,1458 2616,1458 2613,1458 2600,1469 2588,1474 2464,1474 2429,1465 2367,1453 2296,1453 2294,1453 2291,1453 2273,1462 2259,1469 2245,1462 2236,1458 2234,1458 2231,1458 2202,1460 2149,1467 2132,1460 2119,1453 2116,1453 2114,1453 2112,1453 2109,1453 2103,1460 2091,1467 1868,1467 1843,1453 1824,1446 1822,1446 1820,1446 1817,1446 1799,1453 1776,1462 1748,1453 1732,1446 1730,1446 1728,1446 1693,1451 1635,1460 1622,1449 1617,1446 1617,1444 1615,1444 1612,1444 1525,1442 1523,1442 1474,1446 1382,1458 1359,1444 1352,1442 1350,1442 1348,1442 1272,1442 1272,1490 1270,1508 1313,1529 1316,1529 1318,1529 1320,1529 1323,1529 1348,1511 1359,1511 1405,1511 1442,1534 1445,1534 1447,1534 1449,1534 1451,1534 1502,1513 1518,1513 1645,1515 1709,1538 1711,1538 1714,1538 1716,1538 1799,1517 1820,1531 1822,1531 1824,1531 1826,1531 1829,1531 1831,1531 1840,1522 1861,1538 1861,1540 1863,1540 1866,1540 1868,1540 2006,1527 2199,1545 2202,1545 2277,1531 2386,1547 2388,1547 2390,1547 2459,1527 2510,1543 2512,1543 2514,1543 2611,1531 2641,1550 2643,1550 2646,1550 2648,1550 2650,1550 2701,1529 2703,1508 2701,1490 2699,1490"/>
        <Baseline points="1272,1490 2036,1508 2703,1508"/>
        <TextEquiv conf="0.9885802052237771">
          <Unicode>ue par uoucle et ꝑ nes by est lysfans coules</Unicode>
        </TextEquiv>
      </TextLine>

      
      
      <TextLine id="eSc_line_e20c3c6e" custom="structure {type:default;}">
        <Coords points="1274,1586 1378,1577 1410,1591 1415,1593 1417,1593 1419,1593 1442,1591 1543,1580 1587,1593 1596,1596 1599,1596 1601,1596 1603,1596 1615,1593 1656,1582 1695,1593 1702,1596 1705,1596 1707,1596 1730,1593 1840,1584 1866,1596 1875,1600 1877,1600 1879,1603 2409,1603 2411,1575 2404,1524 2363,1543 2305,1543 2273,1522 2271,1522 2268,1522 2266,1522 2264,1522 2225,1538 2015,1538 1990,1517 1988,1517 1985,1517 1983,1517 1978,1517 1847,1534 1826,1517 1826,1515 1824,1515 1822,1515 1820,1515 1817,1515 1815,1515 1797,1527 1645,1513 1642,1513 1640,1513 1589,1529 1468,1511 1465,1511 1463,1511 1461,1511 1435,1527 1415,1515 1412,1515 1410,1515 1332,1524 1279,1506 1277,1557 1274,1586"/>
        <Baseline points="1277,1557 2411,1575"/>
        <TextEquiv conf="0.9697478742975938">
          <Unicode>la en fu uns debal en le auaison beues</Unicode>
        </TextEquiv>
      </TextLine>

      
      
      <TextLine id="eSc_line_bde68f1e" custom="structure {type:default;}">
        <Coords points="1302,1619 1300,1630 1442,1632 1445,1635 1463,1651 1463,1653 1465,1653 1468,1653 1470,1653 1571,1639 1587,1637 1589,1639 1606,1653 1606,1655 1608,1655 1610,1655 1612,1655 1716,1644 1734,1642 1741,1644 1774,1658 1776,1658 2084,1662 2086,1662 2089,1662 2119,1655 2139,1649 2156,1655 2169,1662 2172,1662 2280,1665 2282,1665 2284,1665 2287,1665 2294,1660 2314,1649 2570,1651 2641,1669 2646,1669 2648,1669 2650,1669 2696,1658 2735,1669 2745,1669 2751,1642 2751,1598 2418,1584 2416,1584 2369,1589 2259,1598 2234,1584 2225,1580 2222,1580 2220,1580 2218,1580 2215,1580 2211,1584 2188,1598 2107,1598 2084,1582 2082,1582 2080,1582 2077,1582 2075,1582 2040,1596 1935,1596 1914,1577 1912,1577 1909,1577 1907,1577 1902,1577 1744,1591 1684,1570 1679,1570 1677,1570 1675,1570 1672,1570 1668,1570 1596,1589 1463,1589 1454,1575 1451,1575 1451,1573 1449,1573 1447,1573 1302,1563 1302,1619"/>
        <Baseline points="1302,1619 2751,1642"/>
        <TextEquiv conf="0.9704688899219036">
          <Unicode>Tant que chieux quroit dieu que en trois bi penr</Unicode>
        </TextEquiv>
      </TextLine>

      
      
      <TextLine id="eSc_line_aa884934" custom="structure {type:default;}">
        <Coords points="3032,1635 3009,1632 2986,1630 2963,1628 2949,1626 2892,1630 2880,1623 2876,1621 2871,1621 2848,1619 2834,1612 2749,1612 2747,1612 2745,1612 2742,1612 2733,1642 2710,1642 2712,1674 2712,1701 3041,1685 3044,1667 3037,1635 3032,1635"/>
        <Baseline points="2712,1674 3044,1667"/>
        <TextEquiv conf="0.9696849068005879">
          <Unicode>ne occhiroit el</Unicode>
        </TextEquiv>
      </TextLine>

      
      
      <TextLine id="eSc_line_98da83ea" custom="structure {type:default;}">
        <Coords points="2722,1674 2719,1669 2657,1653 2655,1653 2653,1653 2563,1667 2547,1669 2526,1667 2411,1649 2409,1649 2346,1662 2333,1665 2323,1662 2291,1646 2289,1646 2287,1646 2218,1658 2192,1662 2054,1662 2038,1653 2011,1642 2008,1642 2006,1642 1955,1651 1923,1658 1806,1653 1797,1649 1780,1637 1778,1637 1776,1637 1774,1637 1723,1646 1684,1653 1670,1644 1661,1637 1658,1637 1656,1637 1654,1637 1612,1644 1560,1651 1251,1635 1251,1674 1249,1695 1415,1697 1424,1701 1447,1713 1449,1713 1451,1713 1495,1704 1514,1701 1518,1706 1541,1724 1543,1724 1546,1724 1548,1724 1550,1724 1553,1724 1578,1708 1631,1722 1633,1722 1635,1722 1638,1722 1640,1722 1654,1711 1656,1711 1658,1711 1668,1720 1670,1720 1672,1720 1675,1720 1677,1720 1693,1713 1705,1706 1751,1715 1783,1720 1785,1720 1822,1718 1925,1708 1976,1722 2004,1731 2006,1731 2008,1731 2011,1731 2034,1724 2068,1715 2089,1727 2109,1741 2112,1741 2114,1741 2116,1741 2119,1741 2153,1729 2156,1729 2176,1745 2179,1745 2181,1745 2183,1745 2238,1734 2257,1729 2271,1734 2287,1741 2289,1741 2291,1741 2294,1741 2296,1741 2303,1736 2333,1718 2365,1738 2376,1745 2379,1745 2381,1745 2383,1745 2386,1745 2402,1738 2452,1720 2593,1720 2641,1747 2657,1757 2659,1757 3021,1761 3025,1715 3025,1681 2724,1674 2722,1674"/>
        <Baseline points="1251,1674 1988,1697 2567,1695 2719,1715 3025,1715"/>
        <TextEquiv conf="0.975631578692368">
          <Unicode>Belame qui pplosroit ses corpe fuespanterilla foche gñt</Unicode>
        </TextEquiv>
      </TextLine>

      
      
      <TextLine id="eSc_line_3a1cd366" custom="structure {type:default;}">
        <Coords points="1343,1729 1341,1759 1385,1777 1387,1777 1389,1777 1392,1777 1394,1777 1415,1759 1419,1757 1445,1759 1576,1775 1578,1775 1580,1775 1603,1764 1631,1789 1633,1789 1635,1789 1638,1789 1640,1789 1642,1789 1684,1764 1686,1764 1912,1764 1919,1768 1953,1787 1955,1787 1958,1787 1960,1787 1962,1787 1983,1770 2008,1793 2008,1796 2011,1796 2013,1796 2063,1798 2066,1798 2172,1787 2280,1798 2282,1798 2284,1798 2287,1798 2303,1787 2351,1800 2353,1800 2356,1800 2425,1787 2450,1805 2452,1805 2455,1805 2457,1807 2505,1807 2505,1805 2508,1805 2551,1787 2570,1805 2570,1807 2572,1807 2574,1807 2577,1810 2641,1810 2641,1807 2643,1807 2646,1807 2669,1787 2671,1761 2666,1731 2632,1731 2632,1729 2616,1715 2616,1713 2613,1713 2611,1713 2609,1713 2606,1713 2565,1729 2560,1729 2556,1729 2505,1715 2503,1715 2501,1715 2498,1715 2475,1727 2185,1724 2181,1722 2156,1711 2153,1711 2151,1711 2100,1720 2096,1720 2066,1701 2063,1701 2061,1701 2059,1701 1946,1713 1879,1699 1877,1699 1875,1699 1829,1713 1815,1699 1813,1699 1810,1699 1808,1699 1723,1708 1652,1695 1649,1695 1647,1695 1612,1711 1592,1695 1589,1695 1587,1695 1585,1695 1583,1695 1546,1706 1532,1695 1532,1692 1530,1692 1527,1692 1373,1690 1371,1690 1369,1690 1343,1701 1343,1729"/>
        <Baseline points="1343,1729 1879,1745 2153,1766 2671,1761"/>
        <TextEquiv conf="0.9785110449249094">
          <Unicode>poura trestens entiers Iu ses corps escousen</Unicode>
        </TextEquiv>
      </TextLine>

      
      
      <TextLine id="eSc_line_b93bf0d4" custom="structure {type:default;}">
        <Coords points="1304,1731 1311,1784 1320,1784 1318,1729 1304,1678 1295,1681 1304,1731"/>
        <Baseline points="1304,1731 1318,1729"/>
        <TextEquiv>
          <Unicode></Unicode>
        </TextEquiv>
      </TextLine>

      
      
      <TextLine id="eSc_line_da962b6f" custom="structure {type:default;}">
        <Coords points="1258,1784 1256,1805 1396,1810 1415,1826 1415,1828 1417,1828 1419,1828 1421,1828 1491,1814 1493,1814 1495,1814 1638,1837 1640,1837 1691,1828 1790,1842 1792,1842 1794,1842 1831,1826 1859,1844 1861,1844 1863,1844 1866,1844 2096,1837 2243,1856 2245,1856 2248,1856 2250,1856 2259,1846 2271,1856 2271,1858 2273,1858 2275,1858 2277,1858 2416,1842 2418,1828 2418,1789 2390,1780 2388,1780 2386,1780 2383,1780 2381,1780 2369,1789 2367,1791 2363,1789 2344,1775 2342,1775 2340,1775 2337,1775 2335,1775 2333,1775 2317,1787 2307,1789 2250,1789 2229,1782 2176,1768 2174,1768 2172,1768 2169,1768 2167,1768 2153,1777 2142,1784 2017,1782 2004,1770 1992,1761 1990,1761 1988,1761 1985,1761 1948,1768 1930,1773 1919,1768 1902,1759 1900,1759 1898,1759 1895,1759 1875,1766 1847,1775 1806,1761 1778,1754 1776,1754 1774,1754 1771,1754 1757,1761 1737,1770 1638,1770 1622,1754 1617,1752 1617,1750 1615,1750 1612,1750 1610,1750 1587,1752 1511,1764 1491,1747 1488,1745 1486,1745 1484,1745 1419,1743 1417,1743 1415,1743 1410,1745 1373,1759 1348,1741 1346,1741 1343,1741 1258,1738 1258,1784"/>
        <Baseline points="1258,1784 1649,1810 2418,1828"/>
        <TextEquiv conf="0.9777933221596938">
          <Unicode>Euille nosoit issir de la auuil doe les</Unicode>
        </TextEquiv>
      </TextLine>

      
      
      <TextLine id="eSc_line_f2b6fbd5" custom="structure {type:default;}">
        <Coords points="1267,1851 1265,1858 1336,1879 1339,1879 1341,1879 1343,1879 1373,1865 1479,1881 1481,1881 1564,1874 1589,1872 1603,1876 1652,1890 1654,1890 1656,1890 1658,1890 1686,1879 1693,1876 1700,1881 1711,1888 1714,1888 1716,1888 1718,1888 1785,1883 1838,1881 1863,1888 1900,1899 1902,1899 1905,1899 2047,1897 2165,1895 2236,1906 2287,1913 2289,1913 2291,1913 2303,1908 2326,1899 2342,1911 2346,1915 2349,1915 2351,1915 2353,1915 2379,1913 2436,1904 2475,1918 2485,1920 2487,1920 2489,1920 2491,1920 2494,1920 2496,1918 2510,1908 2650,1925 2655,1897 2653,1860 2411,1853 2402,1846 2381,1837 2379,1837 2376,1837 2319,1844 2291,1846 2284,1842 2273,1833 2271,1833 2268,1833 2266,1833 2264,1833 2241,1839 2225,1844 2192,1837 2144,1828 2142,1828 2008,1828 1870,1830 1854,1821 1843,1816 1840,1816 1838,1816 1760,1816 1596,1821 1537,1807 1523,1805 1520,1805 1502,1805 1408,1814 1267,1796 1267,1851"/>
        <Baseline points="1267,1851 1774,1858 2655,1897"/>
        <TextEquiv conf="0.9980167857436246">
          <Unicode>De quoy martuis estoit courechiers et aires</Unicode>
        </TextEquiv>
      </TextLine>

      
      
      <TextLine id="eSc_line_701d84b5" custom="structure {type:default;}">
        <Coords points="1375,1908 1373,1925 1507,1941 1509,1941 1511,1941 1534,1931 1553,1927 1583,1934 1599,1938 1601,1938 1603,1938 1649,1938 1753,1934 1797,1943 1836,1952 1838,1952 1891,1948 1965,1941 1981,1952 1988,1957 1990,1957 1992,1957 1994,1957 2029,1954 2098,1945 2149,1959 2169,1964 2172,1964 2174,1964 2204,1961 2277,1952 2294,1964 2296,1966 2296,1968 2298,1968 2300,1968 2303,1968 2363,1968 2510,1964 2625,1977 2630,1952 2630,1911 2611,1899 2609,1899 2606,1899 2604,1899 2602,1899 2565,1913 2563,1913 2317,1906 2312,1902 2303,1892 2303,1890 2300,1890 2298,1890 2296,1890 2294,1890 2291,1890 2280,1899 2275,1902 2169,1902 2119,1892 2050,1881 2047,1881 1983,1885 1914,1890 1872,1881 1838,1872 1836,1872 1833,1872 1831,1872 1820,1879 1806,1885 1799,1876 1794,1874 1794,1872 1792,1872 1790,1872 1787,1872 1785,1872 1769,1876 1737,1883 1695,1872 1677,1867 1675,1867 1672,1867 1670,1867 1668,1867 1663,1869 1649,1881 1617,1869 1608,1865 1606,1865 1603,1865 1587,1867 1539,1876 1502,1862 1493,1860 1491,1860 1488,1860 1486,1860 1484,1860 1481,1862 1463,1874 1375,1858 1375,1908"/>
        <Baseline points="1375,1908 2630,1952"/>
        <TextEquiv conf="0.9844098746776581">
          <Unicode>brisse le sien frere que tant lu natures</Unicode>
        </TextEquiv>
      </TextLine>

      
      
      <TextLine id="eSc_line_ebaaf60b" custom="structure {type:default;}">
        <Coords points="2199,1938 2197,1938 2195,1938 2176,1945 2162,1950 2119,1943 2063,1934 2061,1934 2024,1938 1985,1945 1925,1936 1886,1929 1884,1929 1863,1934 1826,1941 1806,1931 1797,1927 1794,1927 1792,1927 1790,1927 1783,1929 1764,1938 1725,1927 1714,1925 1711,1925 1709,1925 1640,1925 1350,1927 1332,1913 1329,1913 1327,1913 1256,1911 1256,1961 1254,1987 2701,2030 2705,2003 2703,1966 2422,1948 2420,1948 2317,1950 2229,1952 2218,1945 2202,1938 2199,1938"/>
        <Baseline points="1256,1961 2705,2003"/>
        <TextEquiv conf="0.9936357713213154">
          <Unicode>Tui pere Re saint brisses q̃ẽ chieux est tourõnes</Unicode>
        </TextEquiv>
      </TextLine>

      
      
      <TextLine id="eSc_line_325593b5" custom="structure {type:default;}">
        <Coords points="1382,2028 1380,2056 1518,2056 1523,2056 1543,2067 1546,2067 1548,2067 1652,2058 1679,2056 1693,2058 1744,2072 1746,2072 1748,2072 1806,2060 1815,2058 1824,2060 1879,2074 1882,2074 1884,2074 2013,2063 2015,2063 2057,2076 2059,2076 2061,2076 2388,2072 2464,2083 2466,2083 2639,2074 2676,2086 2678,2086 2680,2086 2682,2086 2685,2086 2685,2083 2699,2072 2772,2072 2774,2056 2774,2012 2015,2012 1942,1998 1932,1998 1930,1998 1923,1998 1847,2007 1824,1996 1822,1996 1820,1996 1817,1996 1799,1996 1679,2005 1382,1991 1382,2028"/>
        <Baseline points="1382,2028 1739,2044 2774,2056"/>
        <TextEquiv conf="0.9701167185132097">
          <Unicode>uet furent ly enfant courechiet. t dolant</Unicode>
        </TextEquiv>
      </TextLine>

      
      
      <TextLine id="eSc_line_a9b4f7e5" custom="structure {type:default;}">
        <Coords points="1302,2088 1300,2120 1670,2132 1672,2132 1780,2125 1838,2120 1854,2125 1898,2136 1900,2136 1902,2136 1967,2125 1983,2122 1985,2125 2001,2136 2004,2136 2006,2136 2008,2136 2052,2127 2082,2139 2084,2139 2086,2139 2156,2125 2165,2125 2174,2125 2250,2141 2252,2141 2254,2141 2294,2127 2323,2141 2326,2141 2328,2141 2418,2127 2422,2127 2429,2127 2528,2143 2531,2143 2597,2127 2600,2111 2600,2081 2383,2079 2374,2072 2351,2058 2349,2058 2346,2058 2344,2058 2211,2067 2100,2074 1994,2060 1992,2060 1990,2060 1902,2072 1838,2056 1836,2056 1833,2056 1831,2056 1787,2070 1739,2051 1732,2049 1730,2049 1728,2049 1725,2049 1723,2049 1723,2051 1698,2070 1658,2070 1571,2060 1550,2044 1546,2040 1543,2040 1541,2040 1539,2040 1537,2040 1525,2044 1488,2058 1302,2037 1302,2088"/>
        <Baseline points="1302,2088 1647,2102 2600,2111"/>
        <TextEquiv conf="0.9879274266106742">
          <Unicode>ue ly esnõnce ue ueuoit plus auant</Unicode>
        </TextEquiv>
      </TextLine>

      
      
      <TextLine id="eSc_line_3694c29d" custom="structure {type:default;}">
        <Coords points="1256,2155 1254,2173 1355,2189 1357,2189 1359,2189 1382,2178 1417,2189 1419,2189 1421,2189 1553,2180 1571,2191 1573,2191 1576,2191 1711,2194 1714,2194 1822,2182 1847,2194 1849,2194 1852,2194 2204,2187 2379,2201 2381,2201 2825,2189 2827,2171 2823,2120 2804,2129 2462,2118 2459,2118 2457,2118 2455,2118 2432,2136 2379,2136 2323,2134 2305,2118 2305,2116 2303,2116 2300,2116 2298,2116 2296,2116 2259,2134 2165,2134 2151,2120 2149,2120 2146,2120 2144,2120 2142,2120 2114,2129 2080,2113 2077,2113 2075,2113 2073,2113 2034,2129 1994,2118 1992,2118 1990,2118 1932,2129 1902,2111 1900,2111 1898,2111 1895,2111 1893,2111 1843,2127 1631,2127 1606,2113 1603,2113 1601,2113 1481,2125 1440,2106 1438,2106 1435,2106 1433,2106 1371,2122 1256,2104 1256,2155"/>
        <Baseline points="1256,2155 2827,2171"/>
        <TextEquiv conf="0.9857508371705594">
          <Unicode>un iour reuint elame droit a le court couraiet</Unicode>
        </TextEquiv>
      </TextLine>

      
      
      <TextLine id="eSc_line_1c64cdec" custom="structure {type:default;}">
        <Coords points="1217,2226 1217,2254 2816,2249 2816,2226 2816,2194 2657,2180 2655,2180 2653,2180 2611,2191 2609,2191 2597,2180 2595,2180 2593,2180 2590,2180 2540,2191 2535,2191 2533,2191 2512,2180 2510,2180 2508,2180 2462,2191 2452,2191 2432,2191 2317,2180 2314,2180 2183,2189 2139,2191 2126,2189 2091,2180 2089,2180 2086,2180 2084,2180 2066,2189 2057,2191 2036,2189 1988,2180 1985,2180 1983,2180 1955,2187 1939,2191 1217,2185 1217,2226"/>
        <Baseline points="1217,2226 2816,2226"/>
        <TextEquiv conf="0.9894591777823692">
          <Unicode>ꝑ mieux quelle onques pent escapa du tirant</Unicode>
        </TextEquiv>
      </TextLine>

      
      
      <TextLine id="eSc_line_f36186b4" custom="structure {type:default;}">
        <Coords points="1240,2279 1237,2302 2830,2306 2834,2281 2830,2240 2777,2247 2765,2237 2756,2231 2754,2231 2751,2231 2659,2231 2657,2231 2606,2237 2537,2247 2432,2235 2374,2231 2372,2231 2369,2231 2367,2231 2360,2235 2344,2247 2321,2235 2310,2231 2307,2231 2172,2231 2169,2231 2142,2233 2050,2249 1580,2249 1543,2235 1541,2235 1539,2235 1537,2235 1534,2235 1520,2247 1504,2235 1502,2235 1500,2235 1497,2235 1495,2235 1454,2247 1424,2233 1421,2233 1419,2233 1348,2247 1327,2231 1325,2231 1323,2231 1240,2228 1240,2279"/>
        <Baseline points="1240,2279 2834,2281"/>
        <TextEquiv conf="0.9851635022366301">
          <Unicode>Eet quant martins le uit orisse le uaigoustront</Unicode>
        </TextEquiv>
      </TextLine>

      
      
      <TextLine id="eSc_line_6bc4e5fa" custom="structure {type:default;}">
        <Coords points="1249,2339 1249,2362 2715,2355 2717,2332 2712,2297 2383,2297 2383,2295 2346,2283 2344,2283 2342,2283 2243,2295 2222,2297 2208,2295 2165,2286 2162,2286 2098,2295 2077,2300 1870,2300 1863,2295 1852,2286 1849,2286 1847,2286 1845,2286 1790,2295 1771,2297 1764,2295 1746,2286 1744,2286 1741,2286 1739,2286 1721,2295 1711,2300 1700,2295 1682,2288 1679,2288 1677,2288 1647,2295 1624,2300 1603,2295 1583,2288 1580,2288 1578,2288 1520,2295 1472,2300 1463,2295 1456,2288 1454,2288 1451,2288 1449,2288 1247,2293 1249,2339"/>
        <Baseline points="1249,2339 2717,2332"/>
        <TextEquiv conf="0.9712498873472214">
          <Unicode>echy dist il le daine qualimes demandant</Unicode>
        </TextEquiv>
      </TextLine>

      
      
      <TextLine id="eSc_line_554c0685" custom="structure {type:default;}">
        <Coords points="1240,2396 1240,2415 1408,2431 1410,2431 1412,2431 1415,2431 1415,2428 1433,2415 1596,2428 1599,2428 1601,2428 1629,2412 1649,2428 1652,2428 1654,2428 1656,2431 1718,2431 1718,2428 1721,2428 1723,2428 1746,2410 1776,2424 1778,2424 1902,2426 1905,2426 2011,2408 2013,2408 2038,2424 2040,2424 2043,2424 2045,2424 2047,2424 2084,2412 2149,2424 2151,2424 2280,2405 2300,2421 2303,2421 2305,2421 2307,2421 2310,2421 2349,2410 2432,2421 2434,2421 2528,2403 2549,2419 2551,2419 2554,2419 2556,2419 2630,2408 2689,2419 2692,2419 2694,2419 2772,2398 2772,2380 2765,2346 1237,2352 1240,2396"/>
        <Baseline points="1240,2396 2126,2394 2772,2380"/>
        <TextEquiv conf="0.9835338470887165">
          <Unicode>Fhest urax che Rescpont brisse or by a lesportant</Unicode>
        </TextEquiv>
      </TextLine>

      
      
      <TextLine id="eSc_line_cebac71d" custom="structure {type:default;}">
        <Coords points="1203,2470 1734,2481 1737,2481 1739,2481 1741,2481 1753,2472 1762,2481 1764,2481 1767,2481 1769,2484 1861,2484 1861,2481 1863,2481 1919,2467 1921,2467 1925,2467 1960,2479 1962,2479 1965,2481 2379,2481 2379,2479 2381,2479 2383,2479 2399,2467 2639,2477 2641,2477 2795,2463 2797,2438 2793,2408 1203,2408 1203,2447 1203,2470"/>
        <Baseline points="1203,2447 2123,2454 2797,2438"/>
        <TextEquiv conf="0.9758213827776354">
          <Unicode>Pain et uin aplente en lonueirdieu le grant</Unicode>
        </TextEquiv>
      </TextLine>

      
      
      <TextLine id="eSc_line_1fa7e1b8" custom="structure {type:default;}">
        <Coords points="2938,2444 2926,2442 2768,2458 2680,2447 2678,2447 2676,2447 2620,2461 2503,2447 2501,2447 2494,2447 2491,2447 2489,2447 2487,2447 2441,2461 2402,2449 2399,2449 2397,2449 2395,2449 2358,2465 2091,2470 1921,2470 1900,2456 1898,2456 1895,2456 1893,2456 1891,2456 1847,2470 1822,2458 1820,2458 1817,2458 1815,2458 1787,2470 1769,2456 1767,2456 1764,2456 1762,2456 1751,2456 1661,2470 1583,2461 1580,2461 1578,2461 1576,2461 1560,2474 1484,2461 1479,2461 1477,2461 1474,2461 1472,2461 1442,2472 1428,2461 1426,2461 1424,2461 1421,2461 1410,2461 1332,2472 1212,2465 1214,2511 1214,2532 1306,2546 1309,2546 1311,2546 1339,2532 1341,2532 1359,2532 1509,2543 1511,2543 1564,2532 1587,2527 1629,2532 1718,2541 1721,2541 1723,2541 1725,2541 1737,2532 1746,2525 2001,2530 2243,2534 2245,2534 2248,2534 2250,2534 2257,2530 2275,2518 2395,2527 2445,2532 2448,2532 2450,2532 2462,2527 2485,2520 2560,2527 2588,2530 2590,2530 2593,2530 2600,2527 2634,2513 2772,2523 2774,2523 2841,2511 2945,2525 2947,2484 2940,2444 2938,2444"/>
        <Baseline points="1214,2511 2268,2507 2947,2484"/>
        <TextEquiv conf="0.9922631512517515">
          <Unicode>Quil nous Remaint no mere par sen digne ꝯuiant</Unicode>
        </TextEquiv>
      </TextLine>

      
      
      <TextLine id="eSc_line_8776136e" custom="structure {type:default;}">
        <Coords points="2259,2509 2252,2509 2248,2513 2229,2525 2103,2525 2086,2513 2082,2509 2080,2509 2077,2509 2075,2509 2047,2513 1985,2525 1969,2513 1965,2509 1962,2509 1960,2509 1937,2509 1914,2509 1891,2509 1868,2509 1866,2509 1792,2513 1619,2530 1566,2516 1557,2513 1555,2513 1553,2513 1539,2516 1484,2527 1442,2518 1440,2518 1438,2518 1435,2518 1433,2518 1433,2520 1421,2530 1224,2518 1226,2562 1226,2582 1392,2582 1394,2582 1456,2596 1458,2596 1461,2596 1488,2580 1495,2578 1511,2580 1555,2589 1557,2589 1560,2589 1562,2589 1576,2580 1583,2576 1734,2576 1741,2578 1755,2589 1757,2589 1760,2589 1762,2589 1820,2580 1833,2592 1836,2592 1838,2592 1840,2592 1843,2592 1845,2592 1866,2578 1872,2573 1990,2573 2001,2576 2054,2589 2057,2589 2059,2589 2422,2578 2510,2587 2512,2587 2705,2585 2708,2585 2774,2566 2774,2548 2772,2511 2728,2500 2726,2500 2724,2500 2722,2500 2699,2511 2682,2520 2620,2520 2583,2511 2556,2507 2554,2507 2551,2507 2535,2511 2510,2520 2491,2511 2475,2504 2473,2504 2471,2504 2468,2504 2466,2504 2466,2507 2459,2511 2455,2518 2300,2520 2280,2513 2266,2507 2259,2509"/>
        <Baseline points="1226,2562 2017,2555 2305,2562 2774,2548"/>
        <TextEquiv conf="0.991423579149468">
          <Unicode>Dout ay le main portee Il atermemoult grant</Unicode>
        </TextEquiv>
      </TextLine>

      
      
      <TextLine id="eSc_line_73defcee" custom="structure {type:default;}">
        <Coords points="1210,2612 1212,2645 1235,2626 1313,2642 1329,2645 1332,2647 1553,2647 1553,2645 1555,2645 1557,2645 1562,2640 1573,2631 1612,2638 1645,2645 1647,2645 1649,2645 1661,2638 1686,2626 1856,2626 1879,2635 1891,2640 1893,2640 1895,2640 1898,2640 1900,2640 1905,2635 1916,2626 1988,2626 1997,2633 2001,2638 2001,2640 2004,2640 2006,2640 2008,2640 2057,2633 2105,2626 2114,2633 2130,2645 2132,2645 2135,2645 2137,2647 2388,2647 2388,2645 2390,2645 2425,2628 2427,2617 2425,2578 2337,2564 2335,2564 2333,2564 2330,2564 2314,2576 2266,2564 2264,2564 2261,2564 2259,2564 2231,2576 1994,2564 1992,2564 1990,2564 1960,2576 1856,2564 1854,2564 1852,2564 1831,2576 1815,2564 1813,2564 1810,2564 1619,2564 1617,2564 1615,2564 1571,2576 1493,2564 1491,2564 1488,2564 1445,2576 1389,2564 1387,2564 1385,2564 1382,2564 1382,2566 1371,2578 1210,2578 1210,2612"/>
        <Baseline points="1210,2612 1902,2605 2427,2617"/>
        <TextEquiv conf="0.9849469423294067">
          <Unicode>Porter fist a clainer con aloit deserant</Unicode>
        </TextEquiv>
      </TextLine>

      
      
      <TextLine id="eSc_line_6a10217e" custom="structure {type:default;}">
        <Coords points="2422,2617 2409,2617 2383,2631 2206,2631 2091,2615 1958,2615 1955,2615 1953,2615 1900,2631 1884,2617 1884,2615 1882,2615 1879,2615 1790,2615 1787,2615 1785,2615 1783,2615 1769,2626 1702,2615 1700,2615 1698,2615 1652,2631 1580,2615 1578,2615 1576,2615 1573,2615 1573,2617 1557,2633 1300,2633 1274,2619 1272,2619 1270,2619 1267,2619 1265,2619 1249,2628 1251,2670 1251,2700 1295,2697 1297,2697 1300,2697 1300,2695 1316,2681 1359,2697 1362,2697 1364,2697 1546,2686 1557,2695 1557,2697 1560,2697 1562,2697 1564,2697 1654,2686 1695,2697 1698,2697 1700,2697 1702,2697 1739,2681 1824,2681 1840,2695 1840,2697 1843,2697 1845,2697 1847,2697 1854,2697 1935,2681 2197,2681 2259,2695 2266,2695 2268,2695 2271,2695 2273,2695 2294,2681 2307,2693 2310,2693 2312,2693 2314,2693 2379,2681 2443,2693 2448,2665 2445,2626 2427,2612 2425,2612 2422,2612 2422,2617"/>
        <Baseline points="1251,2670 1771,2661 2448,2665"/>
        <TextEquiv conf="0.9945490311931919">
          <Unicode>et puis ly estria haultement en oiant</Unicode>
        </TextEquiv>
      </TextLine>

      
      
      <TextLine id="eSc_line_a4205c00" custom="structure {type:default;}">
        <Coords points="1201,2732 1201,2762 1311,2750 1412,2760 1417,2760 1419,2760 1426,2760 1550,2746 1629,2755 1638,2755 1640,2755 1642,2755 1645,2755 1658,2743 1711,2753 1716,2753 1718,2753 1725,2753 1783,2739 2524,2732 2524,2704 2517,2665 1198,2695 1201,2732"/>
        <Baseline points="1201,2732 2524,2704"/>
        <TextEquiv conf="0.9849164743681211">
          <Unicode>Dame ou aues este ne le males chelant</Unicode>
        </TextEquiv>
      </TextLine>

      
      
      <TextLine id="eSc_line_33ab5448" custom="structure {type:default;}">
        <Coords points="1217,2792 1217,2808 1329,2815 1332,2815 1405,2803 1461,2796 1484,2801 1511,2810 1514,2810 1516,2810 1518,2810 1546,2801 1564,2794 1569,2801 1578,2808 1580,2808 1583,2808 1585,2808 1587,2808 1589,2808 1603,2799 1612,2794 1647,2799 1711,2806 1714,2806 1790,2794 1824,2789 1845,2792 1886,2801 1889,2801 1891,2801 1893,2801 1907,2792 1916,2787 1992,2787 1994,2789 2006,2799 2006,2801 2008,2801 2011,2801 2013,2801 2346,2794 2349,2794 2376,2783 2462,2792 2464,2792 2556,2773 2556,2757 2554,2725 2521,2714 2519,2714 2517,2714 2514,2714 2485,2725 2485,2727 2139,2732 2082,2720 2080,2720 1978,2734 1912,2723 1909,2723 1907,2723 1847,2737 1794,2725 1792,2725 1790,2725 1787,2725 1774,2739 1741,2727 1739,2727 1737,2727 1663,2741 1463,2732 1461,2732 1392,2746 1332,2734 1329,2734 1214,2750 1217,2792"/>
        <Baseline points="1217,2792 1424,2778 2556,2757"/>
        <TextEquiv conf="0.9717197549052354">
          <Unicode>qi dont ly ura elame du cosquin ꝑacontant</Unicode>
        </TextEquiv>
      </TextLine>

      
      
      <TextLine id="eSc_line_abb7672b" custom="structure {type:default;}">
        <Coords points="1256,2842 1256,2858 2567,2849 2570,2831 2565,2796 2452,2796 2452,2794 2434,2780 2434,2778 2432,2778 2429,2778 2427,2778 2342,2794 2340,2794 2337,2794 2271,2780 2268,2780 2266,2780 2264,2780 2243,2794 2238,2796 2208,2794 2073,2780 2070,2780 1988,2792 1725,2785 1723,2785 1721,2785 1705,2792 1684,2803 1523,2803 1486,2792 1468,2787 1465,2787 1463,2787 1424,2792 1327,2803 1254,2792 1256,2842"/>
        <Baseline points="1256,2842 2570,2831"/>
        <TextEquiv conf="0.9966379052553421">
          <Unicode>õment le mainteroit et aloit mauechant</Unicode>
        </TextEquiv>
      </TextLine>

      
      
      <TextLine id="eSc_line_b9a7bea5" custom="structure {type:default;}">
        <Coords points="1776,2840 1774,2840 1573,2842 1571,2842 1569,2842 1566,2845 1548,2856 1332,2845 1318,2845 1316,2845 1313,2845 1260,2856 1203,2845 1205,2893 1205,2921 1458,2911 1502,2921 1523,2925 1525,2925 1527,2925 1530,2925 1534,2921 1543,2911 1560,2921 1569,2925 1571,2925 1573,2925 1576,2925 1578,2925 1583,2921 1599,2909 1746,2909 1792,2921 1801,2923 1803,2923 1806,2923 1808,2923 1813,2921 1838,2907 1976,2907 2047,2921 2052,2921 2054,2921 2075,2921 2307,2907 2353,2921 2358,2921 2360,2921 2363,2921 2365,2921 2367,2921 2386,2904 2473,2904 2528,2918 2531,2918 2533,2921 2749,2921 2751,2884 2747,2852 2602,2852 2602,2849 2586,2835 2583,2835 2581,2835 2579,2835 2514,2847 2441,2835 2439,2835 2436,2835 2434,2835 2420,2849 2418,2849 2409,2849 2307,2838 2305,2838 2303,2838 2280,2849 2271,2852 2215,2849 2075,2838 2073,2838 2015,2847 1974,2854 1962,2847 1953,2840 1951,2840 1948,2840 1946,2840 1875,2847 1801,2854 1787,2847 1780,2840 1778,2840 1776,2840"/>
        <Baseline points="1205,2893 2751,2884"/>
        <TextEquiv conf="0.9868273586034775">
          <Unicode>Daine che dist martuis ne uous ales deubtant</Unicode>
        </TextEquiv>
      </TextLine>

      
      
      <TextLine id="eSc_line_50188adb" custom="structure {type:default;}">
        <Coords points="1191,2953 1191,2971 1382,2983 1385,2983 1387,2983 1435,2969 1438,2969 1442,2969 1474,2980 1477,2980 1479,2980 1573,2969 1589,2966 1608,2966 1739,2978 1741,2978 1932,2964 1962,2962 1965,2962 1981,2973 1983,2973 1985,2973 1988,2973 2091,2962 2096,2962 2098,2962 2153,2973 2156,2973 2243,2960 2250,2960 2257,2960 2346,2971 2349,2971 2544,2955 2547,2937 2540,2900 1189,2904 1191,2953"/>
        <Baseline points="1191,2953 2547,2937"/>
        <TextEquiv conf="0.9648561912931894">
          <Unicode>Far ia uy arermal tant que soir uiuant</Unicode>
        </TextEquiv>
      </TextLine>

      
      
      <TextLine id="eSc_line_6210eea5" custom="structure {type:default;}">
        <Coords points="1208,3012 1208,3063 1334,3063 1336,3063 1339,3063 1375,3031 1493,3026 1557,3054 1560,3054 1562,3054 1564,3054 1566,3054 1608,3029 1702,3026 1734,3049 1744,3056 1746,3056 1748,3056 1751,3056 1753,3056 1755,3056 1755,3054 1762,3047 1790,3024 1826,3024 1935,3040 1937,3040 1994,3029 2015,3040 2034,3049 2036,3049 2038,3049 2040,3049 2068,3038 2093,3029 2119,3035 2179,3056 2181,3056 2183,3056 2185,3056 2257,3031 2261,3031 2266,3031 2319,3042 2321,3042 2323,3042 2353,3029 2356,3029 2360,3029 2409,3033 2411,3033 2413,3033 2416,3033 2425,3026 2436,3017 2459,3024 2535,3052 2537,3052 2540,3052 2542,3052 2673,3017 2673,2999 2669,2966 2574,2966 2574,2964 2554,2948 2551,2948 2549,2948 2547,2948 2544,2948 2501,2960 2409,2950 2406,2950 2404,2950 2402,2950 2386,2964 2381,2966 2353,2964 2211,2950 2208,2950 2206,2950 2204,2950 2185,2964 2176,2971 2059,2971 2045,2964 2017,2953 2015,2953 2013,2953 2011,2953 2008,2953 1992,2964 1983,2969 1971,2964 1951,2955 1948,2955 1946,2955 1944,2955 1914,2962 1882,2973 1794,2973 1776,2962 1760,2955 1757,2955 1755,2955 1705,2962 1629,2976 1474,2976 1463,2962 1461,2962 1461,2960 1458,2960 1456,2960 1454,2960 1451,2960 1449,2960 1447,2962 1428,2978 1387,2978 1329,2962 1323,2960 1320,2960 1318,2960 1316,2960 1311,2962 1286,2976 1267,2962 1267,2960 1265,2960 1263,2960 1260,2960 1205,2960 1208,3012"/>
        <Baseline points="1208,3012 2673,2999"/>
        <TextEquiv conf="0.9572606901327769">
          <Unicode>Ie danu quiert se mere ua lenfãt conduiscoit</Unicode>
        </TextEquiv>
      </TextLine>

      
      
      <TextLine id="eSc_line_ab3a0c75" custom="structure {type:default;}">
        <Coords points="1214,3075 1214,3100 1251,3107 1254,3075 1254,3047 1214,3047 1214,3075"/>
        <Baseline points="1214,3075 1254,3075"/>
        <TextEquiv conf="0.9999250173568726">
          <Unicode>ꝑ</Unicode>
        </TextEquiv>
      </TextLine>

      
      
      <TextLine id="eSc_line_62fced32" custom="structure {type:default;}">
        <Coords points="1421,3075 1421,3109 1626,3107 1638,3114 1670,3134 1672,3134 1675,3134 1677,3137 1930,3137 1930,3134 1932,3134 1988,3114 1990,3114 1997,3114 2169,3132 2172,3132 2174,3132 2222,3114 2261,3100 2344,3100 2402,3114 2436,3123 2439,3123 2441,3123 2443,3123 2462,3114 2487,3102 2517,3114 2521,3116 2524,3116 2526,3118 2526,3116 2528,3116 2533,3114 2563,3102 2586,3114 2593,3118 2595,3118 2597,3118 2636,3114 2636,3075 2632,3042 2547,3026 2544,3026 2498,3033 2482,3019 2482,3017 2480,3017 2478,3017 2475,3017 2473,3017 2413,3038 2390,3047 2365,3038 2314,3019 2312,3019 2310,3019 2307,3019 2305,3019 2282,3038 2277,3038 2158,3049 2061,3038 2059,3038 2057,3038 2054,3038 2038,3052 1817,3052 1751,3031 1725,3024 1723,3024 1721,3024 1682,3031 1640,3038 1419,3029 1421,3075"/>
        <Baseline points="1421,3075 1589,3072 1882,3088 2636,3075"/>
        <TextEquiv conf="0.981828380275417">
          <Unicode>t tant ollequin martin otuer uaillant</Unicode>
        </TextEquiv>
      </TextLine>

      
    </TextRegion>
    

    
  </Page>
</PcGts>
