3104 4140
1445 754 2947 894 far sy tos quau matin fu le daine esmulbie
1569 825 2682 940 noriche uint haultemet ly escu
1435 887 3000 1007 pu est mes fieux dist elle uelle seurdonchran
1495 938 3009 1076 lle dist Iet netscay pour dieu ne lanel nun
1433 1002 2673 1127 Pous le manes osse en gcelle puitie
1431 1064 3002 1196 nõ ay che dist le damces mẽlt en fu courelie
1433 1129 3002 1265 Por ont querut lenfant puy le cambre antu
1454 1193 2975 1322 Frant ne le pout trouuerlunebretlant crie
1438 1265 2735 1380 re roure plailanche b sy fort desuoie
1447 1320 2816 1446 eue petet fen fausist quene fust espaie
1419 1389 2949 1511 Feurauct ua plourant le rome adrechie
1405 1465 2956 1577 Et disoit moult souuent douche uierge marie
1445 1531 2837 1642 e suy pour uostre amour lence et baptisie
1410 1593 2940 1701 Et ay pour louneur dieu me ierre deguerpu
1408 1651 2873 1773 or mest malauene ien suy poure mẽsie
1405 1713 2791 1837 pacoutaisse pour moy une feulle dogie
1454 1780 2756 1897 e Rouisse mon bl cħ en me cõpaignre
1396 1842 2940 1959 slymy bous Roit oustans se uoꝰꝰ esties enuie
1373 1906 2832 2026 Et uous sensisies chefait et celle diablie
1401 1964 2814 2095 amais ioie noran se mares tos guerpie
1371 2026 2954 2155 Et li faus singtoier saizquil ait chiere yrie
1396 2079 2142 2180 Eet disoitthaultement
1417 2148 2616 2270 on a uo sil perdu en ecelle mutie
2259 2127 2871 2224 ecly cose aucmie
1392 2208 2802 2332 i noriche la mort ly corps le mandie
1375 2270 2929 2405 pien aroit de serme quen un feu fust uriue
1341 2348 2749 2467 Tant fist le sinatoi que celle fu saisie
1362 2467 2724 2585 Par le sioiagoitr fu de celle sergnotrie
1895 2426 2699 2530 norir la fu atort iugie
1343 2541 2827 2649 ꝑonfait se uolente tout parmy rõmene
1387 2592 2770 2723 En sy su le noriclse agrant tort essillie
1373 2658 2834 2789 ares ceste auemre dont ie uoꝰ Ioue fie
1357 2723 2901 2854 uit quie une uant ensy quapres couplie
1419 2783 2853 2914 ne le Romue estoit en se cambre endorme
1463 2840 2795 2971 sguatour y uint pour auoir le druri
1364 2900 2653 3022 ꝑlit le damce uintrpar selogengerie
1359 2955 2977 3077 auoitque se chemise tant seullement uestie
1359 3019 2977 3153 le dame lentroi estant sest esuillu eez
