3104 4140
1403 922 2726 1041 Delame le couatoise ly parint a demander
1401 991 2699 1094 Adont u pois auchomee m prist a estrier
1396 1048 2804 1145 pame Ie uostre nou ne me ueullies celer
1408 1101 2936 1196 Lõmont uous apellon ueullies uo corps nõmer
1502 1152 2586 1239 le Rome dastne le poy Rlufer
1378 1246 2919 1361 Ilaisanche mapelon che scaichiee sans fansser
1516 1207 2929 1297 mien non uous deray quant I laist ademander
1396 1306 3011 1421 Pour che ce dist authouns uoeul plaisanche nomt
1421 1352 2547 1465 se uele que Ihũs nous a fait ⁊quist
1518 1407 1539 1476 6
1585 1414 2662 1513 ⁊ ly rois henrie chefag a crerinter
2565 1398 2613 1458 2
1389 1458 2669 1568 õu. ques uo don le mien ueul pñter
1403 1506 2554 1612 Car ceste chite ueul ale dame cẽniz
1394 1568 2784 1653 Et au roy ꝯstant quil nous commait erouuer
1419 1628 2602 1711 se dame prendera amoullier et aper
1389 1681 2572 1764 Car ie luy ay oy et plenr et iurer
1396 1734 2742 1807 ꝑue il nauue taint pens en terrene en mer
1385 1787 2692 1869 Se ly otroy du tout de ulle a goutrener
1380 1842 2701 1925 Aun dir auoc auon ꝑ buuanche sana faus
1375 1897 2701 1987 ꝑeuant noui auoue qaisanche uolu trounez
2830 1879 2963 1948 heen
1387 1950 2685 2040 Et plaisanghe maaita et poit clie apeler
1385 2005 2820 2104 Peul ꝓ laisanche le uille sans mais nõ muer
1387 2070 2572 2155 quusy de fist lysoit par le uille crier
1438 2113 2781 2210 mois uolten le uille ly bonuroist osteler
1382 2185 2657 2265 Et ou heuoccou on fist amoury demer
1500 2221 2811 2323 ist fore ung mustier et moult bien ostelez
1428 2277 2890 2364 a fist dieux grant miracle poiramourn leuer
1380 2329 2765 2426 Sy tost qui cor mousties ꝯmencha a ouurer
1428 2394 2977 2490 u fais en un iour che cpeult on bon grouuer
1396 2454 2657 2543 en demain au matin ar pout de Mouruet
1424 2513 2922 2605 ⁊uaoit ly ouuriet y uiurent Il ny ureut couuret
1389 2569 2726 2661 Par uous maistret le fist ny auoit quantonde
1385 2631 2728 2723 Paulteux preschieux y ppeust on grouner
1412 2691 2517 2778 t le trois auoury le entil baceler
1387 2743 2717 2845 fu sut le maistre autell la le fist duuc ester
1408 2801 2372 2902 et la estoit assie sy 9 ion ꝯtor
1408 2856 2795 2957 en auamere et on Roume con pooit ueir cler
1398 2916 2804 3015 es laies que poit dieu uolt ly bers ensuriz
1401 2983 2745 3063 es cloquee qu mracles y prinront a sonuer
1401 3038 2823 3118 a uiurent en dan Roy et ly prinche et lyper
1484 3084 3018 3180 che que diux. lour moustra lerpriurent a loer
1405 3144 2827 3217 y Son goy gegõnare four le crape mander
1369 3194 2680 3321 det chment lrpostole y unit sano alrestet
