3104 4140
158 602 1921 724 lorbliotheca Mlnrii s. sedasli Atieba tenhis
448 765 1762 860 igneurs plaise uous oir glorieuse canchon
490 837 1585 929 croy q̃ de nulleur dire ne porroit on
276 903 1778 998 Cest de sains et de saintes de droit et de Raison
331 965 1435 1053 amours de pire et de grans craison
287 1028 1629 1120 Que on fist a elaine le dame de Renon
276 1092 1635 1186 Qui porta en ses flans martin et brision
283 1152 1702 1246 fil furent di frant Roy que heury ot nom
1755 1205 1854 1246 ¶
1916 1235 2015 1414 giul
276 1212 1560 1301 Que dengletre tuit le terre et le Roion
230 1269 1780 1382 e Oucques mais dame not tant de destruision
216 1324 257 1428 u
280 1329 1587 1412 Dauoy ne de greuanche de tribulation
315 1384 1633 1476 õme or celle Roine que dieux faiche ꝑdon
260 1451 1573 1531 Pai une malle uielle le mere sen baron
278 1494 1578 1591 Quades li pourchaca se grande perdition
273 1550 1652 1660 Alinsy que uoꝰ orres sans faire longt sermon
273 1609 1709 1727 Seigneurs or entendes poͬ. dieu et poͬ son nom
292 1672 1589 1787 De telz xii corps samne uoꝰ feray mention
280 1727 1935 1849 Que par bien faire acquirent des chieux le mãsion
273 1791 1511 1908 Apres che que Ihesus et souffert passion
276 1853 1514 1959 Et que uaspasient en prist la uengison
273 1890 1658 2017 Et titus li sieus fieux que tant ot de flenõ
278 1966 1610 2065 Si ot ung apostole a Rõme enpres noiron
264 2019 1780 2132 Par droit nom de baptesme auoit climẽt a nom
266 2074 1585 2178 Sains est en ꝑadis de dier en orle don
283 2134 1428 2242 Car bien le deserui en se Rẽ̾nasion
292 2182 1675 2297 chieulx saint apostoles dont chy uoꝰ dira on
283 2244 1661 2359 Auoir ung gentil frere Richars auoit nom
266 2306 1583 2424 Empereres de Rõme estoit bien le scet on
271 2371 1502 2477 Ore auoit une fille q̃ clere ot le faichon
283 2484 1645 2605 Que ꝑ t̾stout le monde de son corps ploit on
269 2550 1493 2672 Nupche estoit laxgstolle et de sestraction
276 2610 1511 2730 Or am̃t a che temps q̃ sarrasin felon
276 2679 1702 2780 uiurẽt assegur Rõme a maint gñt pauelon
283 2739 1741 2849 la fu ly Roys briuant que creoit en mahon
273 2803 1686 2916 hieꝰ ꝯduisoit le peuple du RRoiane baratõ
333 2875 1493 2964 e Rõme a essillier ot moult deuocion
273 2932 1585 3024 Mes li sains apostoles en fist deffention
266 2992 1645 3077 Et li bons empereres qui ait beneychon
257 3047 1751 3183 Dlugneure sifaitemẽt q̃ Ie uoꝰ uoy cõtant
1944 3093 2103 3185 LC
