3104 4140
301 708 1410 809 q̃e dist a le rome ie feray uo plaiser
289 777 1380 867 dont saparilla la dame pour fuir
299 821 1808 933 Et pour le riche roudeguirpir ⁊ touspurs a
287 894 1587 975 Nies la ot une dume que dieus puist bendir
283 947 1760 1035 nicche oquẽ de ilochestre que tant fait a lemir
271 1009 1583 1085 Marie auoit anon che scaclelz sans mentir
280 1060 1730 1152 Mes by quens de clochestre ot fait sur ly soetir
278 1124 1721 1212 Par li cours det estoilles par clerement ueir
273 1179 1785 1276 Des leure decfesmeche uault de se mere nasquir
266 1239 1629 1334 Perchuton es estoiliz ou bien le seut choisir
280 1306 1686 1393 guil couuenoit se mellie dedens un feu uruir
280 1361 1523 1458 Mainte fois ly ot dit que se uausist teair
280 1428 1447 1520 se mainteiir folie faire ne cousintir
264 1483 1587 1582 Et que parsmoroit che couueuoit auenir
271 1545 1764 1649 Et par che le putelle se uault bien maintenir
278 1598 1472 1708 Ir a oultraige nul ne uault ains abair
278 1653 1520 1757 quant elle uit elaine tel blasme recollir
287 1718 1511 1816 Et quelle se deuoit aprester pour partir
276 1782 1401 1869 O coute de clochestre est alee couurir
280 1819 1753 1925 Et puis se ly dist oucles entendes men plaisir
370 1883 1728 1982 mere au roy heury fuy forment as⟧ a hari
276 1931 1599 2035 Elli ueult faire clame hors du pais issir
278 1996 1691 2104 Adont y ua ly contes que dieuo puist benen
388 2051 1794 2152 y coutes de ilochetre dedens le combre entra
411 2109 1601 2212 Il a uent elaint que teurenuent ploura
310 2168 1571 2263 etle uielle mannaise qui moult le lapida
310 2237 1615 2329 dont ly gentieux contes haultement sestrra
287 2297 1753 2387 Ay dame dist il con grant mesleuf yt chya
308 2359 1576 2447 dur dira ure fieux quant il se le sauera
301 2417 1617 2507 fue le dame quil amne et quensy esponsa
310 2474 1787 2578 Se uoles uoul encachier grant mal uous en uerra
276 2539 1578 2651 aissies ester le belle ou mes corps ly dira
276 2605 1355 2716 A clamne est uerais se le Resconforta
269 2670 1647 2771 Et ly dist chiere amne ne uous deurentes ia
266 2741 1520 2817 Car ia ly mauuaos cuers abien nacordera
273 2787 1550 2881 ne de maise persouue bon parler in̾ssera
276 2854 1546 2953 Iaissies uoste ploiker ioi uous croitera
271 2904 1645 3012 Hous amis bon sentueur qui uans apaiseri
269 2978 1550 3070 Il apelli se meche᷑ que poinr ne saresta
1946 775 2050 913 L0
