3104 4140
140 1002 1244 1113 iessies assanlt merulleux et plemer
69 1062 1417 1166 accuree corpi bocds bondir et tedpes festier
112 1127 1327 1216 dame dieu d gloire aourer et prier
105 1177 1474 1267 u Au ioitr duy les ueulle secourir et aidier
71 1235 1231 1327 iartin de uers le gie fait aler sandoier
71 1290 1509 1382 dour les fosses Remplir qui sont parfont et fier
89 1334 1486 1435 e⁊ ly grairce les fut bien souuẽt Repairu
75 1400 1226 1483 y meffesq̃te Ia le monte dun demer
75 1446 1442 1536 ua matins quant il uoit le solail abaissier
71 1499 1468 1586 aquil estoit biou heure de cel assault brisier
66 1559 1265 1642 iont cõmẽclia ly euses ihũtost aprier
124 1616 1311 1706 dist un orisont que moult fayt aprisier
115 1669 1516 1757 dist biaux sires dieux qui tout a ci aiugier
71 1722 1580 1816 eui presie clar et sanc en le uierge moublier
89 1791 131 1872 x
154 1777 1412 1879 te laissas en uoie cener et ⁊ ramllu ⁊
121 1837 1385 1936 ⁊ Iomues et tes pies de trois clanfier
82 1899 1488 1987 ⁊ ocuer⁊ de gen uentre uue lanclie conchur
73 1964 1265 2040 erir sy Rdmet con uit le sanc rrier
87 2014 1380 2086 Ie quon tu deliurai tes bous anna difer
78 2060 1362 2141 rre sy con chest uoire ge le croy sans audie¬
78 2102 1458 2189 e mennoirz urous dieux de Ioie t̾ecouurier
66 2159 1389 2247 dar quoy Rait men pere que ly sel pantõner
59 2212 1258 2300 ut teunt longemse lassus y prisõmer
71 2258 1557 2348 dieux uault telle miracle Mour lenfane enuoier
73 2313 1339 2405 eporde de lescluse chay oy tesmoignier
78 2371 1267 2461 lua mangre uer ture tonte desuerilier
87 2426 1355 2513 y quariel que faioient ano gent enuoier
82 2461 1371 2571 et flequee Retout uoient et aloient arie ⁊
75 2513 1532 2624 et ar cuere des paiene uaurẽt le fier fiquer
80 2592 1417 2684 dont uusier no gont a forche de frengur
80 2635 1684 2737 pers le cporte sen uout sans point de latargier
108 2718 1569 2789 nuerte le grouieret se sen uout ens g liquier
165 2755 1484 2845 ueissars uataille inouit fiere cõmenchir
158 2803 1734 2898 maint poing et maut piet mãite teste trẽchr
103 2870 1562 2950 tuant mareme qerchut le mortel encdorier
190 2927 1486 3015 cet qui luy ament prisi son a courechier
108 2978 1569 3086 es crestiaux eessendi sans point de latargier
184 3049 1465 3141 sen palais dessent qui ẜu fait ae ormũr
170 3114 1352 3203 le malõmerie sen est ales lanchier
117 3146 158 3229 t
179 3164 1721 3259 qar deuant malon est uenue sa mr tairgier
128 3208 193 3332 XI
234 3219 1426 3357 cope sy sõma dur uaston de quauer
