3104 4140
1323 977 2910 1090 leur de treuche et poir fent sans enx riens
1359 1062 2786 1145 resteen y aqueurent paut le iaissel aidur
1332 1108 2869 1191 Eet quant qurtãt les uit uouir et aprochier
1336 1154 2751 1239 i dout fst le Retraite soner et gralon ⁊
1352 1212 2970 1297 Mers castre se Retournent sans pout q. lataro
1323 1262 2611 1343 Et amoury dessent ꝯtre ua lerochier
1339 1322 2742 1409 En telle uolente fy de paiens facrichier
1346 1377 2942 1460 piuen ne saresta ou uou che naliar urchier
1392 1432 2689 1515 lanche deuant luy a loy de cheralier
1624 1483 2733 1577 sienmit poitz paiens aprdehier
1325 1538 2751 1637 Eue̾ le paumere parte Il sest ales fiqui⁊
1313 1596 2804 1699 Et enꝑa en le porte por le coure dou destrier
1309 1655 2867 1752 iramt paien fist ateree estendreet Re buchur
1302 1715 2982 1796 Aue hous ne lose aloure f che scachies sans cui de
1318 1770 2501 1856 srai en aerlosta et fiston uiroular
1332 1784 2972 1906 ke quant henrie le uoit uien auda esragier lepoi
1380 1860 2763 1952 a dit a authon ueihy grant encoubrier
1297 1908 2991 2019 pousgar dons au iour su le nulleut cheualier
1373 1975 2986 2072 i on quis portast armes Poi pariens que rooier
1300 2042 1320 2136 ‸
1346 2037 3016 2136 dar sieu che distanchome poy nous deigon prisi
1369 2102 2825 2198 Se nous ne le Rauons am̃s que goie auuitier
1343 2159 2816 2254 iont assalirent castre nostre caillant princhur
1343 2214 3023 2309 lu tant uausist leuer testr̃s contre un muer hũ
1357 2277 2818 2350 Car le chite est forte nel pient damagier
1339 2329 2938 2428 aiuouris Iu de dens con ot cerpet pris prisõmer
1327 2401 2680 2477 let Reuut alurtat le Raytre e lamẽr
1293 2447 2696 2548 que esppie dy dist le non du elgeralur
1359 2523 1401 2608 2
1442 2500 2853 2608 ly dist en certain quẽ le mer auauthier
1378 2571 2650 2679 ochist auuiral son frere quil ot chier
1339 2622 2768 2741 Et quant hurtaux oy le non de cheralur
1346 2815 3034 2904 det crestieu assalent sana biens a esparomer ‸ perin
1447 2753 2623 2842 Iure mahõmet quil sen uora uengie r
1769 2863 2853 2950 it uien hurter ⁊ ferit et lanchiez
1286 2921 3011 3026 Et sy ꝙeuent bien perdie et bien petit ganier
1325 2985 2728 3086 l Riche Ray houry nauoit que couronchier
1366 3052 2809 3150 olans et courocchur sen pprist a Repaiier
1550 3167 3016 3247 ne fist authones qie ly pelus hault pdinchiez
1663 3123 2885 3206 lz en le uut ne baire ne mengur
1260 3206 1288 3300 d
1438 3222 3009 3341 olant furent et tristre no pruche et no baron
