3104 4140
1493 499 1576 611 15
117 623 1509 729 Et bras le sient a piet cõques ny uault mouter
101 683 1543 784 muellement s acheuas chest poiir plus endurer
105 736 1426 832 De pamne et de trauel pour g lore conquester
246 781 1389 867 en uont ly enfant sont le uille guerpie
163 818 1323 919 rious fu acheual mes bras ny estoit mue
161 857 1362 965 out apiet ua trotant tout en my le praei
135 913 1247 1016 n mer ont ly enfant trouue une galie
138 949 1320 1083 a ou i sont entre cascun Ihũs grichu
190 1011 1606 1138 ar ie mer uout nagant que tant est Resongne.
133 1131 202 1200 21
232 1085 1336 1202 se sont arme adout uers noricudie
190 1166 708 1255 montireut alrrre
821 1145 1403 1223 poat uers puardie
124 1191 1382 1304 drogement uers amens une chile Iolie
112 1239 1327 1357 usy que lious ua acascuns que ly prie
121 1299 1325 1421 departy sen auoi et seẽ Iouns attrie
105 1347 1320 1462 Qusy iusqui amens ne sy atarga mie
381 1398 1401 1508 chyte danens ensn con me couta
227 1449 1481 1570 Olrs uers saint sreuun ly bers uon entra
232 1501 1626 1637 urasz le sieut apiet que poit necheuancha
149 1573 1336 1699 lemres en l uille ly enses se saigna
138 1637 1412 1768 espee auoit auchiat et bon mantes porta
131 1685 1396 1828 usy que par te uille ꝙ uous enses ala
121 1750 1281 1890 de escoutes cõment. Ilunist lespronna
124 1803 1548 1941 n treune en lescature de che nedoubtes ia
138 1846 1587 2005 que ly corps Ihnleist del saine ehreys sanala
138 1918 1449 2060 ⁊ta lon de awaust moult poure sa tourna
849 1980 1382 2076 ur quon i sapoi
126 2017 814 2132 rai se mani ung baton
138 2021 1458 2189 eu ctie pointque iedy a lenfant se moustei
135 2104 1283 2251 dius se mist a gerons ⁊ sein escria
184 2145 1583 2309 ire ens ou non de dieu que se mort pardõna
248 2212 1507 2355 uoul demant lausmoue ne le arfuses ia
158 2270 1371 2426 Et quant lion de uit ⁊ n le regarda
172 2329 1454 2463 et mit et esgrire moult Sant prteriia
271 2371 1744 2530 ⁊ biaux peur de sonchief terement eiploura
165 2463 1382 2589 l adit mne ribault que moult le culut
177 2527 1534 2645 Imus Ie nas mõnoie par dieuqui tout Rea
200 2580 1718 2700 le muuleu demes chertes ly mirus corps na
177 2642 1231 2762 Et quant Iqhũs loyadont iestria
170 2707 1589 2819 Ie sire aclie besoina uous ne me faures ia
174 2766 1306 2877 u dis uoirs dist lious adont dessula
179 2824 1589 2950 e mantel quot uestu ⁊Auis h dist treng la
156 2900 1362 3022 Eet Ihũs le soron encontre luy trra
