3104 4140
1164 738 2383 850 A se grant maisete sy tost quelle escarda
1178 809 2376 908 e rome qui dort enuors se uour se ala
1141 862 2381 961 Et par grant lareclun sen saiel ly embla
1159 917 2418 1018 Et quant elle letient Ihũkist en loy loa
1157 977 2439 1078 En se bourse le mist et puis en aguiela
1155 1035 2333 1136 Ie meche oquẽ gerart de clochestre dela
1148 1092 2374 1196 maue dist ly fause or ueues un pancha
1148 1154 2264 1253 Ce sonstours, elame car aler me faura
1155 1205 2600 1317 n pau dedeus me cambre tost reuerran declia
1143 1276 2468 1373 damie chr dist marie chie foit con uoul plaira
1145 1340 2319 1435 Por lieu de la roine uistement se ploia
1173 1400 2098 1492 ꝓssy Res coiement ne ẜsuilla
1679 1391 1852 1442 con que
1148 1446 2416 1545 Elame le rome que Rt mal ny peusa
1150 1511 2321 1605 Et ly fause Rome uistement si tourna
1150 1568 2503 1667 Elle uint en se cambre ⁊ illonquen marida
1150 1635 2151 1724 un orplieure soutil ⁊ on ly amena
1155 1667 2393 1789 Enant ly orheures uint le dame la pella
1136 1741 2485 1851 Maistre dist le rome chy ouures uous faura
1166 1810 2436 1911 Dees ychy un saul ung tel me couuerra
1138 1862 2565 1966 Irendes ent lexamplayqur riens ny failleia
1152 1931 2485 2028 Se meu faitelz un tel et on uans eten paiera
1136 1994 2243 2081 Sy bien au partir ie croy uans souffira
1150 2051 2464 2127 Puis a dit coiement ly paiemens en sera
1136 2111 2623 2205 Sun rant coull Renchancdont ou uous tuora
1281 2178 2666 2263 aistre dist la rome il uous coument ouurer
1297 2235 2722 2318 Et fare un cel sairl sans canchier ne mue ⁊
1145 2293 2439 2387 Ie le ueul tout sy fait par quoy osaieler
1155 2352 2526 2458 Ie puist mus hons uiuans dire nearguer
1157 2417 2503 2509 pue che ne soit tout un or y ueulliel uiser
1145 2486 2485 2578 Et Ie uous en uoray tel parement dõner
1125 2541 2570 2654 Qne il uous souffira quant ert audeseuerer
1141 2610 2475 2714 Dame dist ly orpheures che fait acreanter
1143 2672 2480 2778 sidont s ualesaiel maintenant aprienter
1171 2727 2349 2845 Een paste que in uielle ly afait a porter
1161 2785 2386 2904 Et puis de cel motat cõmencha afonder
1249 2849 2275 2969 le uielli sen ua le saiel reporter
1143 2916 2429 3033 Desy iusque le bout ne se uault detrier
1145 2976 2623 3114 Qucore des dort elame que Iliis puist sauuer
1113 3265 1157 3332 .I
