3104 4140
1511 738 1654 878 118
165 864 1297 952 uous Siray cõmentaues este menes
142 908 1495 1023 ore ly conte de lame les grandes cruantes
144 961 1491 1083 Bont ses corpl fu trailt qõniis et uergendes
131 1035 1486 1143 Conuent ry fu ly bras de die escpre copes
128 1081 1458 1200 Rõment a liu sdes from fu loirs et bendes
177 1145 1316 1260 dõmeut a un uatie au uient alaures
184 1198 1640 1336 urent nul oleirmere dont che fu grant pites
213 1281 1566 1382 t conuieut il lont quise longuement et assel
179 1340 1311 1451 Et cõment ly uras fu cõnis et auises
181 1391 1520 1511 Dar lauuil gracieus quici t doit fu plantes
184 1469 1461 1568 et par le draz de soie dont fu enuolepis
181 1513 1417 1628 dont pleure martuu et briselly lois
161 1577 1336 1685 Hy fait iy Roil ieuris authoine ensenes
193 1621 1612 1750 t ly uoul archeuesque et crestous ly uarnes
163 1692 1514 1821 kus ou palais atoure fu grande hy pates
276 1766 1231 1858 ne ou atours celle chiegarme
248 1816 1608 1927 su grande ly putel ne dous mentiray me
144 1872 1576 1996 Pourement ua plourant toute ly cõpargini
151 1934 1656 2051 Dieux que ly cois aucheme Pourse fille larmue
163 2007 1541 2099 dien pecõ cunt be main elame la drechie
170 2056 1555 2171 Essy uerielle estoit le main quon ꝯendie
147 2113 1589 2247 Qui tout le praner pur quelle ly futreuie
186 2171 1635 2311 e main baise et a cole le Roy plus dunefie
188 2254 1419 2373 Et aussy fist heury qui taut ot signourie
161 2309 1633 2438 Et brasse tuit le main qui haultement sesteie
133 2387 1555 2488 Sire pour la mour diri le fil sainte marie
177 2442 1385 2557 Et qui fu sy hardy en cest auorbel uie
154 2513 1405 2619 Que manere a fola et fist tel uilõnie
156 2573 1661 2681 Diaus fieux se dist lyboil se dieirme benaie
234 2642 1670 2741 qieuex qiu le main trentha meuy a mortdesnie
167 2723 1656 2799 ouri uo mert asauuer siques ne morust mir
181 2769 1454 2852 dy de deue ui feu uo consme marie
177 2822 1474 2907 doutes est de clochestre denglelerre lauti
170 2877 1573 2973 ire bien le cõgnoulr dist chiens achiere lie
174 2939 1426 3026 ⁊ar nous auons este a londres le garme
186 2996 1263 3077 et le conte seruy ale chiere hardie
190 3029 1684 3141 nles de tant iuil a fait le mien corpe le deffu
161 3091 1398 3229 Et se le puis tenir Ie ꝙ toras le un
