3104 4140
1304 694 2873 804 Pour che teures prison curron uous yuuera
1323 825 2768 938 Pour ois le mefaget qui uou dire naura
1364 752 2784 880 dont le fist saise car ly rois re clingna
1364 892 2542 986 Ie romre ont faisie chle qui sont la
1352 949 2731 1048 Et dedeus une tour tautost on lenframa
1318 1014 2768 1120 Or aproche ses̾ maipo de pas en pas yra
1313 1081 2602 1186 Eche fait le fausse quã elame quacha
1323 1145 1833 1237 Oe este le mere
1711 1186 2802 1265 mere oroy enelere et erfframee
1682 1255 2781 1345 t lasse mestans or seras Racusee
1359 1317 2839 1407 Et ly bous rois auchomes ale brache quare
1300 1382 2634 1472 n ditau mesagier or medy ta pensee
1364 1446 2890 1534 et ie ueua mentant poit nesune Rieus nee
1306 1501 2763 1589 Et chiieyo adit en hault sans mile demorer
1263 1566 2867 1676 Gire par cheluy dieu que fist chiel et rousee
1277 1642 2604 1736 Ciste lettre me fu baillie et deliuree
1256 1708 2600 1800 ar lemere du Roy adoures la loee
1283 1770 2671 1869 ꝓluet le me bailloe coiement ale chelee
1274 1837 2754 1934 Et me ꝑ nia que chy par moy fuit aportee
1277 1902 2567 1994 Et Ie ly aportap chest uerite prouuee
1279 1957 2761 2060 Mrlese andaise uoir se maine soit sauurr
1286 2030 2880 2125 Eue lame en deuist estre ꝑour nuile diens greit
1424 2099 2535 2187 iy ueiisse pas polir lordum ialree
1263 2152 2673 2244 Oixint an me Racõca quelle estoit embrasee
1256 2214 2883 2323 Or faites de mon corps tout che quil uous agrer
1272 2283 2662 2389 Par foy che dist anthouies uechy cose fare
1267 2366 2811 2463 Mous ix castun ares dee lane du corpaseuerie
1265 2424 2604 2527 Ars seres en uirfu par malle destinee
1231 2493 2468 2601 Dĩre che dist heney ale chiere senre
1242 2573 2595 2691 Chieux chy qui a dit uou ychy a le uolee
1251 2651 2554 2755 s qura milnl ie uie autra saimer
1270 2714 2620 2829 Et le mes lapostole de rõme lõnoulee
1293 2785 2662 2881 hil doy escaperout nyout mort ꝯparee
1274 2854 2933 2957 Relz asaultres uii uoeul que leur mort soit haster
1228 2909 2952 3033 Pour chy qui nout uoir dit teur ay leurmort hurer
1242 2971 2715 3116 Or dist ly rpis autlioues une coseex uisee
