3104 4140
1647 798 1714 942 58
151 929 1649 1021 Geigueur che dist lu diaue centeudes me Raison
195 984 1247 1081 dat anoy aues ens de mort salnation
151 1039 1576 1129 nes coy che ne nõꝰ uault le monte dun uouton
154 1085 1265 1175 Ite poes esca per par nesuue Raichon
149 1129 1974 1255 L pons ne uolessane men ta leur et men uon I a faice tout nõ
1576 1106 2015 1198 es soblegier uo
243 1186 1168 1265 uous d liueray a prochaie saison
338 1228 1546 1315 uous uouez Renderay le uille et le Sougoi
184 1265 1576 1368 Lles che dist anthome moiclt sorianes brichon
276 1334 1385 1432 lle the Astrinithome a le chiere meubur
211 1366 1514 1488 pour dieu ne uous gabes donche dune loce
211 1432 1474 1547 nre series demander en che monde riens nee
177 1492 1491 1607 pue tantost ne fuist fait fans poiit de larestee
184 1563 1309 1665 eigueur dist le Rome or oies me pensie
174 1623 1408 1727 eur suy au Roy descoche a le brache quaree
257 1695 1217 1770 soil a amogry qui tant a Renõice
184 1747 1187 1837 ai ole Roy henry a este mainte ance
163 1803 1329 1897 Nee scachies de certam que ie suy atourme
158 1858 1237 1952 i le loy Ihũdis qui fist chiel et rouser
161 1902 1403 1998 noult uo lontiers seroie et baptisie et leme
243 1968 1198 2053 a un cheualier d uo loy marier
195 2017 1401 2097 ar malõmet ne uault utie põme parire
184 2074 1369 2152 hiens aun uassal ou pu mamour dõnre
200 2127 1272 2205 il me ualoit auoir y chy se foy dõnce
186 2173 1325 2258 ne Il me prenderoit amoubier estpouser
184 2228 1327 2304 q̃rroie tel toit suns le tierche iourmee
161 2274 1286 2362 gare deliures serurl d le chartre iurer
156 2329 1398 2419 uant uarcheuesque lot a le paison escoutre
174 2382 1166 2465 l est salie auant Ie ly dist uelle ne
186 2438 1293 2518 e qe uoliee auoir bien seriee asseme
174 2488 1228 2576 pre dist le ronie Ie seuy uien estoler
202 2548 1615 2635 ne gent de uostre erde nout poitfaie espoufer
188 2594 1357 2684 ⁊ sestes trop uiclars le barbe aues mels
184 2647 1511 2741 min Nop mieux che dousel lee celle quenuine
190 2711 1514 2808 na men frerte trencha le brat de se nespee
179 2769 1385 2872 or en ara uere my sil ueult paix acorder
161 2817 1334 2925 Euant urisse lentent sa le coulom niue
179 2861 872 2953 u quee de fame aubir
232 2918 1385 3024 lu tous esbais sy quil ne distaiens nee
911 2900 1442 2980 l neult enpensie
165 2983 1325 3081 archiuesque de aoure my afait arestee
211 3031 1378 3139 damoisel apile sans point de larester
165 3079 1596 3187 iisses dest larcheuesque ne scay ou uoguers uee
174 3141 1661 3261 egardea le pucelle qui est blanchirme fer
