3104 4140
167 793 1507 936 ar Robastre ꝓfery en guise dauaioier
126 880 1378 1002 pa cousient Nestier ne soit mors a doloit
326 931 1599 1048 deuant le chice que uouriaux est nõmee
230 986 1589 1113 ffu grande le uataille et figre le merlee
177 1055 1541 1184 uel se Rendy pas au Roy churemeubree
172 1115 1587 1242 et dist quil Neda dieu qui fist chuel et rrousee
216 1191 1562 1292 le chaite puit estre de uo gent ionque stre
133 1255 1500 1361 anthoine par lestout couroit de randõnre
186 1311 1502 1416 et tenort en se main uue lanche aclieree
158 1368 1421 1494 Ia ꝯsient saraii gant Iait le char armee
158 1414 1670 1561 duil ne le uoist perchant de la lancheaffillee
174 1497 1408 1623 Mat sus lel ceestiens est le parte tournee
147 1547 1661 1697 Tant en dist mors de nos chest bien cose aueree
126 1626 1560 1752 Que le perte nen ert pauais pur Recouurer
144 1681 1380 1816 Non pourquant sarazim on fait reauler
156 1727 1603 1869 douer retraire en bour diux out Retrare sounee
151 1798 1491 1945 Et on les ua fieuant de geande radõnre
154 1881 1279 2000 Et un uers amoris descoche lõuree
303 1915 1461 2060 ry ens ces gours at se gent Redourtee
149 1987 1433 2136 en le porte se fiert droetement alentree
142 2093 1504 2194 Robastre fu enclos dout pas ne hadrer
218 2155 1389 2251 ele gentaimary ly fude uourdauyr uee
167 2208 1405 2325 et pardeuant auoit une firri assamblee
179 2274 1352 2389 ar heurys dengletorre ⁊ se cent alesee
172 2336 1362 2447 ssaloient paien par uortu esparouuri
170 2380 1594 2516 eet deuant et derure ueur faisoit on meslee
177 2438 1451 2580 moris a tant fait par se forche doubter
158 2497 1672 2642 uen bourdiaux est entrel qui bien estoit fermie
186 2571 1458 2702 et le porte deuant aly uers conquestee
186 2645 1445 2769 En le son de leppporte a bamere posee
170 2704 1603 2831 duc de los aroy ieury fu moult bien ainsee
195 2762 1389 2884 e roy ale baniere a anchonre monstre
156 2822 1435 2944 ꝑui estoit a lu pars et faite et poicturee
165 2893 1281 3008 Sire che dist aplieuris oraies ausre
161 2946 1421 3075 ui en ccile bamere qui estrahault posee
170 3047 310 3123 et
345 3017 1410 3114 st un cheualier ale urache quari
156 3070 1564 3203 Phest amorx descachie qui in sy hault porter
