3104 4140
128 915 1079 1021 larTu las moult bien deserus
204 982 987 1071 Aulz en nuile uisse ne un
204 1037 1161 1131 uierene ful au cõmenchement
209 1108 248 1168 t
312 1097 1083 1186 uiergene au defiuement
211 1152 934 1246 lassus ama destreserair
213 1214 991 1292 la ou courõne parteras
285 1274 427 1363 lad
494 1260 1136 1359 rede dioumon iperi
209 1336 1109 1416 ilqui tues et fille et mere
216 1373 1417 1469 Sous chiaux qui te uauront requerte
218 1419 1247 1534 ront paulet iou sanu guercit
227 1485 1046 1584 la postele dondier garai
209 1538 1323 1642 al trestous chiaux que cu uauras
372 1609 1277 1695 tant le uiergent Renõma
333 1672 1221 1754 dest de suĩ son lit encliee
177 1713 1339 1819 Les anams dssus son pis crusa
213 1789 241 1858 ¶
278 1780 1208 1872 t ly doulz ihus les sagna
223 1837 1297 1934 loze sest lami du corte paetie
370 1892 1033 1987 qũcris la Requellie
276 1943 1184 2042 saint nubiel lora le liura
213 1998 1235 2090 Et a saint gabriel qui fut la
225 2046 1479 2159 Et aultres angles a grant plent
264 2120 1224 2210 tui ont de ioie hault cainte
223 2168 1233 2272 le deulz qhui cost cose clere
223 2242 1339 2323 onta es chieux auent samere
234 2286 1523 2387 Et en montant le uiergene entdutra
211 2348 945 2438 une uuor qui aporra
197 2396 1364 2481 Gaint tuuoas sinde le maiour
273 2456 1189 2520 ui o cuer ot grant firour
273 2504 1426 2587 uier che queau trespassement
248 2553 1254 2633 de le uier guene fu nien
193 2608 1155 2693 Ey ꝯme listoire le Ricont
301 2651 1382 2746 son cuer en et moult qut hõte
271 2725 1191 2794 dist que R prouue ly soroit
234 2766 1286 2847 Des apostles qui arout droit
250 2815 1175 2895 torment se prist adementer
230 2833 1352 2948 lora le uault le uiergene apelir
236 2909 1500 3008 Et ly dist thien ⁊ humas mon au
239 2973 1109 3056 uones le tien cuir esbaly
331 3022 982 3098 say coute ta uolent
227 3008 250 3148 e
349 3075 1221 3148 ce neng bien proi er eicuse
225 3114 1352 3240 Es deson gues mon sili estoier
