3104 4140
1260 949 2600 1041 Pouche uierste marie poure su tes solas
1302 1018 2809 1083 uant le sanc tou enfant courut en gorgacas
1283 1060 2887 1159 saut su por grant destresse ton cuertristet et malde
1267 1120 2376 1209 Et prent sen faly que tu ne de mas
1300 1177 2531 1262 t au tuers pourapres de mort rescagas
1263 1228 2765 1317 prais dieux peres poissans en infer en alas
1302 1288 2388 1382 dain et ysaye et moyse en ieta
2604 1361 2639 1426 4
1410 1350 2531 1435 e mere marie sy bien Resconfortas
1286 1407 2680 1497 fueble est lassus es tlpeux ou tu le courõnas
1302 1469 2508 1545 t la te puet uroir en ioir et en solarl
1267 1520 2848 1612 py con chest uray uiaux dieuxs ne. te cogrouche pas
1226 1527 1240 1609 ¶
1463 1566 2646 1665 muers en le uoil ensy que tu fait as
1226 1596 1247 1704 5
1265 1626 2570 1724 e le puis amender mais qus cacorde laer
1293 1683 2505 1775 y moran lioment car ton corps obligas
1274 1736 2639 1833 dour moy en une crois tou foier pcaras
1263 1793 2606 1883 far pour toy ueul morir nen escrarray qal
1274 1856 2774 1936 e I ne Ruuoie Renoyran son corpenetes estas
1279 1908 2406 1989 dont sest escrirs amouriã ho ql uassak
1210 1943 2448 2042 spoy de moy tou uoloir e raytre satanas
1198 1989 2673 2090 Aplus ne doubte aseiir d le mort le crespas
1203 2049 2689 2145 Mont fit couchus en srois che fu piteux estas
1417 2109 2524 2210 fu ens en le crou estendus amouris
1343 2145 2708 2265 De .iii. clamx su claues ly cheua lier gentis
1327 2240 2602 2325 laips paruuz les mains dy sans ly est salis
1281 2295 1320 2355 10
1348 2288 2643 2371 les paes en ent un qui fu lous et traitia
1329 2332 2827 2424 di cux qua pus perchier Ieta ex bers hault sil
1302 2398 2625 2479 n Reilamant le ouorr que souffry qhũ tril
1318 2447 2570 2539 estant fu dre chiel et lyplams fu assiz
1279 2511 2613 2594 ii un tran qui fu fait des felous auuna
1293 2559 2701 2656 i estant fu aus le croia ou A uassaux fu mis
1277 2624 2758 2720 tPar pies et par mains en est ly stans salis
1277 2686 2586 2769 encoire estoit enmie Un uaissaux amourier
1283 2741 2462 2826 ⁊ ne disoit nul mot aus estbit ripalis
1300 2796 2533 2886 quer Reclaiie dieu roy q para dus
1263 2849 2689 2939 ⁊ dist peres des chieux pu fus par les Iuil
1198 2907 2726 3001 ramnllus en le croit pour moy Ien sun bien fil
1244 2969 1293 3049 R
1343 2976 2627 3070 Ie luy suy pour Ioy car bien suy tes amil
1256 3040 2360 3127 t hur tant ly escrie by traitre falis
1260 3098 2356 3187 restien con mahon se laisse Ihũdis
1196 3134 2735 3245 Car ta lon sy ne uault le monte Aun parsul
1173 3199 2839 3339 Ce ces dieux fust poissant pen sun certentis et fut
