3104 4140
193 839 1449 929 ly roy et ly dprinche de noble estraction
177 901 1320 993 parserent de la aforche ⁊ a uandon
124 942 1373 1053 tant es larcheueique faisant benaichon
124 1005 1161 1115 desy Iusque arois ne fist arresti son
138 1060 1267 1166 dieu les salua qui souffry passion
181 1113 1387 1219 dieu qua la prochier sõhererẽt ly baron
131 1168 1523 1278 se porrerent lun lantre grant Reue racion
128 1230 1546 1345 y rois heuril le le lapelle sele must araison
121 1285 1366 1412 Sire ꝓche dist ly rois oies mi utension
117 1345 1585 1478 danes. pour quoy ueuons en ceste lerregion
121 1407 1622 1534 Iẽml dist uarche nesque spar quo⁊ dixa de Regnon
133 1462 1449 1589 Et Ie le uoue diray dist harois a baison
133 1520 1463 1651 iour queroirs une dame qui elame a anoi
131 1566 1493 1690 e na sy belle dame Iusquire caphurmaon
119 1637 1286 1729 Que main acreuchie que uous cheloroit dn
154 1667 1525 1796 te uous diray pour quoy et poir quel occoison
128 1727 1403 1851 ie trouuay le donsille eimue noble aoion
119 1796 1323 1904 Coute seulle esgarce sans uailet ne garchon
121 1862 1138 1971 sille estoit de che Rey q̃ authoure a anon
133 1925 1074 2028 guerpie auoit se terrt nen feray celison
131 1980 1382 2079 uour chs q̃ ne uault prendie le sun pide a barõ
138 2046 1272 2157 sachierse le trouuay affeffe assise a un biisson
138 2109 1166 2217 De les Ioue fontaine qui couroit a Randon
135 2171 1470 2288 uant le ures uit uelle et douche ꝑ le corpe saine sgmõ
142 2237 1145 2334 ius mon corps lespousa en ma t̾ie de non
140 2300 1143 2389 les iauois une hure qui agit malay choy
133 2355 1343 2447 uques nama elauxe sy ly sast traison
135 2417 1433 2502 Car Ialay guerroier a rõme en pris noiron
121 2477 1421 2562 apres sagũt le dame demble norechon
128 2534 1415 2619 den saiel ly embla me mere sans Raison
135 2592 1509 2677 Cy parans ert du mien ⁊ de celle faichon
131 2645 1484 2734 y quelle fist un uriof mettre en un cregnen
119 2711 1463 2789 Et me manda arõme mel chistoit eł non
124 2769 1456 2858 De le courtose elame yt du conte moult bon
131 2824 1479 2925 La me faisoit sauoit que uous chee le roiton
128 2886 1343 2989 uille hestoit ainte dune layde faichon
133 2955 1557 3049 On m scauoit adire che chestoient doignon
124 3019 1378 3111 Eliertes Ie suy dolans en me condission
133 3075 1847 3199 Non pour qie quant Remanday que uous cheli roiton
1560 726 1626 818 73
