3104 4140
1306 942 2724 1058 Et quaut ly crois loy couleier prit auier
1355 998 1486 1076 Pixii
1329 1058 2719 1161 Or me dy hiaiyo amy neleme doiez celer
1523 1011 2666 1110 saizy adit soulpoint de rarescer
1323 1113 2804 1214 Oy onques nouuelles enfaitne eyarler
1336 1166 2468 1253 lapostole de reõme de lames uis cle
1320 1214 2945 1317 Ma moullier hõnerable confist le brat cauper
1295 1278 2740 1368 Sire dist ly messaiges Ie nescay que penser
1313 1329 2779 1426 epcachreu que de quicha sest uenue osteler
1311 1373 2929 1499 Que fame ou palais sest uenu ral amasser
1295 1421 2800 1547 Mar dessus les degres de le solle sans per
1334 1481 2717 1593 la endront ly faitoi le Reliot aporter
1316 1540 2671 1660 Elle nacmie man dieu leppindaffier
1327 1598 2878 1713 Et pourche quelle scet de lain bienpparler
1332 1660 2549 1761 le fait ly apostoles seruiret hõneres
1329 1724 2823 1819 Mer ouaues nille part ne se uaultosceler
1293 1780 2878 1881 pors dessonr les degreẽne maison demander
1509 1839 2768 1948 ne uolt ossy fors les Relies disuer
1306 1888 2676 2003 Er qui ly uoroit saaiultre cosse doner
1302 1952 2745 2053 Ia nen uoroit le dame un morselaualer
1304 2017 2837 2106 Elle sefait formient etprisior et amer
1334 2070 2986 2182 bascun dist que lle est sainte pour enfiertelens
1302 2127 2970 2235 Et quant by roir lentent couleu pustaumer
1290 2189 2804 2283 Mrche Royanthoue le ua sire et conter
1293 2251 2705 2343 Adont le Roy anthomne se cprist a ostrier
1288 2318 2922 2428 Ortos. uiaus fioux hẽris ppensons de cosalor
1283 2369 2991 2490 Por chest me fille ulame doit ie uour oc pparlir
1270 2421 2754 2548 Elle ne sose opape ne dire ne moustrir
1277 2486 3034 2615 Chest uray che dist heuris ly cuerelan fait ueuser
1279 2550 2938 2661 Or tos alons a rgie que le qusson⁊ trounes
1277 2608 2811 2718 a dont erry gentil uout congier a mandr
1343 2677 2768 2773 ie Ihrlm maurent partiret de feueur
1311 2727 3014 2847 le hornas fout condiure qusque ale haulte mmir
1332 2794 2673 2884 l ferent les uaissaux emplir et ordener
1254 2842 3002 2964 uel uaurent ly poy toy en un dromon entrer
1304 2907 2818 3008 n marõme⁊ out fait le ce uoilee hault louer
1270 2966 2719 3056 Re ty ueus y feryqueles nes faita ler
1249 3029 2627 3121 pꝑuuais norxscerout ly gentil baceler
1244 3098 2915 3187 Tant quil ueneont auine le uillequi naper
1352 3153 2650 3247 ar le roue clame desirent a trouuer
1438 3213 3018 3351 I sen uont ly bon coypar haulte meroing
