<?xml version="1.0" encoding="UTF-8"  standalone="yes"?>
<PcGts xmlns="http://schema.primaresearch.org/PAGE/gts/pagecontent/2019-07-15" xmlns:xsi="http://www.w3.org/2001/XMLSchema-instance" xsi:schemaLocation="http://schema.primaresearch.org/PAGE/gts/pagecontent/2019-07-15 http://schema.primaresearch.org/PAGE/gts/pagecontent/2019-07-15/pagecontent.xsd">
  <Metadata>
	<Creator>escriptorium</Creator>
	<Created>2025-10-15T20:24:05.671549+00:00</Created>
        <LastChange>2025-10-15T20:24:05.671573+00:00</LastChange>

  </Metadata>
  <Page imageFilename="620416201_MS0742_0766_0043A.jpg" imageWidth="3104" imageHeight="4140">

    
    <TextRegion id="eSc_textblock_bdcfad16"  custom="structure {type:text;}">
      <Coords points="1580,588 1670,588 1698,634 1652,871 1488,908 1421,956 1421,1018 1486,1113 1486,1386 1587,1462 1633,1665 1633,1718 1486,1968 1477,2150 1525,2198 1734,2208 1753,2254 1670,2318 1688,2490 1587,2677 1587,2831 1652,2971 1642,3024 110,3061 82,2794 73,690 1468,671 1550,644 1580,588"/>
      
      
      <TextLine id="eSc_line_842ef77a" custom="structure {type:default;}">
        <Coords points="101,747 101,768 174,779 177,779 266,768 287,765 303,768 379,779 381,779 384,779 434,765 448,763 464,765 520,777 522,777 598,765 628,761 715,763 934,772 936,772 938,772 973,761 991,756 1005,761 1026,770 1028,770 1030,770 1484,756 1486,729 1481,692 1396,676 1394,676 1392,676 1389,676 1389,678 1375,690 1288,678 1286,678 1283,678 1281,678 1260,692 1258,692 1148,678 1145,678 1143,678 1113,694 1111,696 991,696 991,694 977,683 977,680 975,680 973,680 971,680 901,683 899,683 897,683 897,685 885,694 883,699 740,699 729,696 692,685 690,685 687,685 637,696 614,701 591,696 540,687 538,687 469,696 430,703 416,699 398,690 395,690 393,690 326,699 269,708 195,708 184,699 172,692 170,692 167,692 165,692 98,699 101,747"/>
        <Baseline points="101,747 1486,729"/>
        <TextEquiv conf="0.9888081442226063">
          <Unicode>Droit ⁊ a une fremestre qui sur mer ua seant</Unicode>
        </TextEquiv>
      </TextLine>

      
      
      <TextLine id="eSc_line_18886e55" custom="structure {type:default;}">
        <Coords points="94,823 94,839 260,848 262,848 324,837 347,834 375,837 453,846 455,846 457,846 476,837 487,830 607,830 639,834 687,841 690,841 692,841 694,841 694,839 697,839 701,834 704,830 784,832 888,837 890,837 920,832 961,823 977,830 984,834 987,834 989,834 1056,830 1145,823 1159,830 1166,832 1168,832 1171,832 1173,832 1189,827 1228,818 1265,827 1277,830 1279,830 1281,830 1346,827 1518,816 1532,825 1541,795 1534,754 1415,763 1378,756 1343,749 1341,749 1286,758 1240,765 1231,758 1219,749 1217,749 1214,749 1212,749 1210,749 1208,749 1196,761 1194,763 1182,761 1150,752 1148,752 1145,752 1143,752 1141,752 1141,754 1132,761 1125,768 1017,763 936,761 934,761 931,761 920,765 904,772 890,765 876,761 874,761 872,761 869,761 867,761 860,768 851,775 692,777 628,772 536,763 533,763 531,763 510,775 501,779 411,777 211,768 209,768 92,781 94,823"/>
        <Baseline points="94,823 1541,795"/>
        <TextEquiv conf="0.9855460247328115">
          <Unicode>Et parthnt le rõmain qua terre doa mõtant</Unicode>
        </TextEquiv>
      </TextLine>

      
      
      <TextLine id="eSc_line_c8857a48" custom="structure {type:default;}">
        <Coords points="105,890 105,919 333,899 448,915 457,915 460,915 467,915 556,894 646,910 667,913 669,913 671,913 687,908 750,892 786,906 791,908 793,908 796,910 895,910 895,908 897,908 908,903 945,885 1046,885 1088,899 1099,903 1102,903 1104,903 1175,901 1178,901 1187,896 1212,883 1242,896 1251,899 1254,899 1256,899 1297,894 1387,883 1433,892 1456,894 1458,894 1631,885 1633,860 1629,823 786,823 784,823 782,823 759,834 687,825 685,825 683,825 681,825 662,839 450,834 448,834 446,834 444,834 425,846 266,834 264,834 103,853 105,890"/>
        <Baseline points="105,890 920,864 1633,860"/>
        <TextEquiv conf="0.9900072289972889">
          <Unicode>pien uoir que ert mesagier lors sist le dame tant</Unicode>
        </TextEquiv>
      </TextLine>

      
      
      <TextLine id="eSc_line_2d7893c0" custom="structure {type:default;}">
        <Coords points="140,945 140,975 331,954 563,963 566,963 568,963 674,949 727,961 766,968 768,968 904,965 906,965 952,954 991,945 1141,945 1148,949 1164,961 1166,961 1168,961 1171,961 1325,942 1325,931 1323,892 1187,880 1184,880 1182,880 1180,880 1180,883 1168,892 1152,892 924,883 922,883 869,894 855,896 837,894 773,885 770,885 768,885 766,885 754,894 747,901 138,901 140,945"/>
        <Baseline points="140,945 881,929 1325,931"/>
        <TextEquiv conf="0.9869711286312824">
          <Unicode>due on in amena en son palais luisant</Unicode>
        </TextEquiv>
      </TextLine>

      
      
      <TextLine id="eSc_line_f77efacd" custom="structure {type:default;}">
        <Coords points="126,1009 126,1032 766,1009 828,1009 1099,1011 1102,1011 1104,1011 1136,998 1136,986 1129,942 124,963 126,1009"/>
        <Baseline points="126,1009 1136,986"/>
        <TextEquiv conf="0.9933920303980509">
          <Unicode>le Rome le ua moult huen festiant</Unicode>
        </TextEquiv>
      </TextLine>

      
      
      <TextLine id="eSc_line_58a4ec46" custom="structure {type:default;}">
        <Coords points="119,1062 119,1078 211,1099 213,1099 450,1078 549,1090 552,1090 554,1090 605,1069 734,1083 736,1083 738,1083 800,1064 865,1081 867,1081 869,1081 872,1081 874,1081 897,1067 1056,1076 1058,1076 1060,1076 1095,1062 1178,1076 1180,1076 1182,1076 1221,1055 1235,1064 1237,1064 1240,1064 1242,1064 1244,1064 1281,1051 1281,1035 1274,1000 1143,1002 1138,1002 1106,991 1104,991 1102,991 1099,991 1072,1002 1067,1005 1053,1002 989,993 987,993 984,993 982,993 982,995 980,995 973,1005 971,1007 959,1005 897,995 895,995 892,995 890,995 874,1007 869,1009 860,1007 826,998 823,998 821,998 819,998 773,1009 759,1011 745,1009 697,1000 694,1000 692,1000 690,1000 678,1011 674,1014 637,1011 547,1005 545,1005 543,1005 522,1014 515,1018 352,1021 338,1018 312,1009 310,1009 308,1009 306,1009 283,1018 271,1023 262,1018 248,1011 246,1011 243,1011 241,1011 218,1021 202,1025 117,1023 119,1062"/>
        <Baseline points="119,1062 1281,1035"/>
        <TextEquiv conf="0.9729822089797572">
          <Unicode>Et sassistan digner lol se cable seant</Unicode>
        </TextEquiv>
      </TextLine>

      
      
      <TextLine id="eSc_line_9649b084" custom="structure {type:default;}">
        <Coords points="119,1120 121,1159 161,1145 232,1154 255,1156 257,1156 260,1156 262,1156 262,1154 264,1152 280,1140 347,1147 349,1147 352,1147 398,1136 416,1145 421,1150 423,1150 425,1150 427,1150 510,1143 600,1133 648,1136 740,1140 743,1140 835,1127 890,1120 901,1124 920,1133 922,1133 924,1133 980,1120 989,1120 1012,1120 1237,1124 1240,1124 1387,1101 1387,1085 1380,1055 1290,1055 1272,1041 1270,1041 1267,1041 1265,1041 1263,1041 1219,1058 1210,1062 1007,1067 973,1062 911,1053 908,1053 906,1053 885,1064 872,1071 851,1064 823,1055 821,1055 819,1055 816,1055 777,1067 750,1074 736,1067 724,1062 722,1062 720,1062 717,1062 704,1067 685,1076 637,1069 630,1069 628,1069 621,1069 536,1083 499,1071 480,1067 478,1067 476,1067 473,1067 457,1074 439,1081 427,1074 423,1069 421,1069 418,1069 416,1069 414,1069 411,1069 411,1071 409,1074 395,1087 365,1074 363,1074 361,1074 358,1074 356,1074 354,1074 329,1090 262,1081 260,1081 257,1081 234,1092 202,1078 197,1076 195,1076 193,1076 117,1078 119,1120"/>
        <Baseline points="119,1120 513,1120 1387,1085"/>
        <TextEquiv conf="0.9921729109789196">
          <Unicode>Et puis ly demanda de heury son enfant</Unicode>
        </TextEquiv>
      </TextLine>

      
      
      <TextLine id="eSc_line_5a2b933a" custom="structure {type:default;}">
        <Coords points="108,1186 108,1212 230,1207 236,1207 280,1221 283,1221 285,1221 287,1221 352,1205 400,1216 402,1216 404,1216 407,1216 409,1216 430,1202 501,1212 503,1212 506,1212 566,1196 568,1196 632,1207 635,1207 637,1207 667,1193 685,1205 687,1205 690,1205 692,1205 694,1205 752,1189 757,1186 761,1186 793,1198 796,1198 798,1198 922,1182 924,1182 991,1193 994,1193 1458,1159 1458,1140 1451,1099 1270,1113 1221,1106 1194,1101 1191,1101 1189,1101 1178,1106 1159,1117 1115,1108 1106,1108 1104,1108 1072,1110 862,1129 832,1117 826,1115 823,1115 821,1115 819,1115 803,1120 768,1127 729,1122 710,1120 708,1120 706,1120 701,1122 676,1136 628,1124 621,1124 618,1124 616,1124 612,1124 568,1140 536,1127 533,1127 531,1127 529,1127 517,1129 448,1145 398,1136 395,1136 393,1136 391,1136 391,1138 379,1147 296,1136 292,1136 289,1136 285,1136 209,1154 105,1143 108,1186"/>
        <Baseline points="108,1186 540,1182 1458,1140"/>
        <TextEquiv conf="0.993875846914623">
          <Unicode>Tant fist quelle sceut bien iettres ua portant</Unicode>
        </TextEquiv>
      </TextLine>

      
      
      <TextLine id="eSc_line_8b6ab70f" custom="structure {type:default;}">
        <Coords points="101,1248 101,1269 358,1260 361,1260 381,1276 384,1276 386,1276 388,1276 455,1274 492,1271 494,1271 497,1271 497,1269 513,1253 515,1253 556,1269 559,1269 561,1269 816,1258 904,1239 1184,1239 1187,1239 1366,1214 1366,1196 1364,1166 1233,1159 1231,1159 1228,1159 1203,1170 1196,1173 1191,1170 1166,1161 1164,1161 1161,1161 1159,1161 1157,1161 1143,1173 1138,1175 1125,1173 1076,1166 1074,1166 1023,1177 1007,1179 994,1177 966,1170 964,1170 961,1170 959,1170 957,1170 957,1173 950,1179 945,1182 934,1179 901,1173 899,1173 754,1186 593,1200 566,1191 554,1189 552,1189 549,1189 526,1193 480,1205 453,1196 444,1193 441,1193 439,1193 402,1198 283,1214 264,1202 262,1202 260,1202 257,1202 98,1207 101,1248"/>
        <Baseline points="101,1248 630,1239 1366,1196"/>
        <TextEquiv conf="0.9914306081258334">
          <Unicode>Et toutusses Ioitrures ly ala demandant</Unicode>
        </TextEquiv>
      </TextLine>

      
      
      <TextLine id="eSc_line_138a5629" custom="structure {type:default;}">
        <Coords points="674,1237 632,1246 589,1255 554,1248 533,1246 531,1246 492,1253 421,1265 381,1258 368,1255 365,1255 363,1255 361,1255 361,1258 358,1258 349,1267 329,1260 322,1258 319,1258 317,1258 315,1258 312,1258 310,1260 294,1271 96,1271 101,1313 101,1334 227,1329 232,1331 255,1347 257,1347 260,1347 262,1350 312,1350 312,1347 421,1340 423,1340 453,1324 499,1336 501,1336 503,1336 506,1336 508,1336 508,1334 526,1315 529,1315 598,1329 600,1329 602,1329 605,1329 605,1327 621,1311 623,1308 630,1311 658,1317 660,1317 662,1317 664,1317 701,1306 710,1304 715,1306 750,1322 752,1322 754,1322 757,1322 759,1322 789,1301 791,1301 823,1301 1074,1301 1074,1299 1076,1299 1106,1285 1118,1281 1145,1283 1240,1297 1242,1297 1244,1297 1293,1276 1306,1271 1320,1276 1362,1288 1364,1288 1366,1288 1369,1288 1371,1288 1392,1271 1398,1267 1456,1267 1458,1246 1454,1207 1396,1198 1394,1198 1295,1216 1286,1216 1281,1216 1237,1209 1235,1209 1233,1209 1231,1209 1231,1212 1228,1212 1224,1219 1221,1221 1210,1219 1145,1212 1143,1212 1141,1212 1109,1223 1097,1228 1065,1225 980,1221 977,1221 920,1232 885,1239 796,1239 676,1237 674,1237"/>
        <Baseline points="101,1313 490,1304 1458,1246"/>
        <TextEquiv conf="0.9884037070158052">
          <Unicode>qu il sest osteles de puis rõme le grant</Unicode>
        </TextEquiv>
      </TextLine>

      
      
      <TextLine id="eSc_line_f73363f9" custom="structure {type:default;}">
        <Coords points="115,1375 115,1391 575,1389 669,1384 671,1384 674,1384 692,1370 699,1366 717,1368 773,1377 775,1377 777,1377 816,1363 828,1361 849,1363 915,1370 918,1370 973,1357 989,1354 1033,1354 1159,1359 1161,1359 1221,1347 1235,1345 1254,1345 1382,1354 1385,1354 1387,1354 1454,1336 1454,1322 1449,1290 1343,1276 1341,1276 1339,1276 1336,1276 1311,1292 1306,1292 1175,1283 1173,1283 1171,1283 1168,1283 1168,1285 1155,1297 1150,1299 1134,1297 1053,1288 1051,1288 1049,1288 1046,1288 1026,1301 1023,1301 1012,1301 931,1292 929,1292 927,1292 924,1292 924,1294 922,1294 915,1304 911,1311 865,1313 616,1320 595,1313 579,1306 577,1306 575,1306 572,1306 570,1306 561,1313 547,1322 370,1317 289,1317 287,1317 285,1317 271,1322 223,1336 110,1327 115,1375"/>
        <Baseline points="115,1375 1454,1322"/>
        <TextEquiv conf="0.9903608994050459">
          <Unicode>Et quãt elle scent ce quelle aloit desirant</Unicode>
        </TextEquiv>
      </TextLine>

      
      
      <TextLine id="eSc_line_41267cde" custom="structure {type:default;}">
        <Coords points="94,1439 94,1467 200,1453 236,1462 239,1462 241,1462 243,1462 246,1462 248,1462 276,1449 324,1458 329,1458 331,1458 333,1458 335,1458 358,1444 398,1453 404,1455 407,1455 409,1455 501,1451 503,1451 506,1451 506,1449 508,1449 517,1437 671,1439 766,1439 768,1439 865,1435 867,1435 869,1435 876,1428 885,1421 947,1423 1030,1428 1033,1428 1035,1428 1037,1428 1051,1419 1060,1414 1104,1416 1191,1419 1194,1419 1196,1419 1233,1407 1247,1405 1251,1407 1265,1416 1267,1416 1270,1416 1272,1416 1445,1396 1447,1384 1442,1343 1334,1350 1320,1345 1290,1336 1288,1336 1286,1336 1214,1350 1178,1357 1095,1354 973,1350 971,1350 968,1350 966,1350 954,1359 943,1366 904,1361 881,1359 878,1359 860,1363 814,1373 786,1366 766,1359 763,1359 761,1359 759,1359 736,1366 706,1377 646,1370 607,1366 605,1366 602,1366 584,1373 549,1384 460,1377 430,1375 427,1375 402,1380 324,1393 306,1382 303,1380 301,1380 299,1380 296,1380 294,1380 292,1380 292,1382 289,1382 276,1398 181,1400 156,1386 154,1386 151,1386 149,1386 89,1389 94,1439"/>
        <Baseline points="94,1439 994,1396 1447,1384"/>
        <TextEquiv conf="0.9681772618066697">
          <Unicode>Tant ly a fait dõnerde uin rouge et blant</Unicode>
        </TextEquiv>
      </TextLine>

      
      
      <TextLine id="eSc_line_7fc24d8d" custom="structure {type:default;}">
        <Coords points="119,1501 121,1534 172,1517 218,1529 230,1531 232,1531 234,1531 266,1527 356,1511 457,1511 464,1515 471,1522 473,1522 476,1522 478,1522 524,1513 561,1504 579,1508 598,1515 600,1515 602,1515 605,1515 607,1515 607,1513 609,1513 614,1506 618,1501 655,1504 676,1506 678,1506 681,1506 683,1506 683,1504 685,1504 690,1494 708,1501 731,1511 734,1511 736,1511 738,1511 770,1499 796,1490 828,1494 867,1501 869,1501 872,1501 874,1501 874,1499 883,1492 892,1483 938,1483 973,1488 1042,1497 1044,1497 1046,1497 1081,1481 1095,1476 1104,1481 1127,1490 1129,1490 1132,1490 1134,1490 1136,1490 1150,1478 1155,1474 1159,1476 1182,1490 1184,1490 1187,1490 1189,1490 1226,1474 1228,1474 1297,1485 1300,1485 1302,1485 1304,1485 1304,1483 1306,1483 1318,1469 1392,1476 1394,1476 1396,1476 1454,1460 1454,1442 1451,1403 1421,1391 1419,1391 1417,1391 1348,1407 1300,1393 1297,1393 1295,1393 1293,1393 1237,1412 1233,1412 1221,1412 1095,1403 1092,1403 1090,1403 1037,1419 1023,1421 1005,1419 941,1409 938,1409 837,1423 780,1432 766,1426 750,1419 747,1419 745,1419 743,1419 740,1419 740,1421 738,1421 734,1428 727,1435 667,1430 612,1426 609,1426 607,1426 593,1432 575,1442 549,1432 531,1428 529,1428 526,1428 524,1428 503,1435 471,1449 115,1449 119,1501"/>
        <Baseline points="119,1501 1454,1442"/>
        <TextEquiv conf="0.9884208288303641">
          <Unicode>Et sestoient sy fort sy rinde ⁊ sy poissant</Unicode>
        </TextEquiv>
      </TextLine>

      
      
      <TextLine id="eSc_line_0debe4bd" custom="structure {type:default;}">
        <Coords points="105,1563 105,1589 218,1575 423,1575 464,1575 467,1575 469,1575 471,1575 471,1573 483,1563 552,1568 577,1570 579,1570 582,1570 595,1566 635,1557 731,1559 782,1561 784,1561 809,1557 849,1547 872,1552 892,1557 895,1557 927,1550 957,1543 964,1547 973,1554 975,1554 977,1554 980,1554 1254,1543 1311,1529 1329,1527 1371,1527 1527,1531 1530,1531 1532,1531 1583,1515 1583,1499 1580,1465 1463,1458 1461,1458 1373,1472 1362,1472 1359,1472 1325,1458 1323,1458 1320,1458 1318,1458 1316,1458 1293,1474 1290,1474 1260,1462 1258,1462 1256,1462 1254,1462 1214,1476 1205,1478 1198,1476 1164,1465 1161,1465 1159,1465 1010,1483 950,1490 915,1485 851,1478 849,1478 846,1478 812,1490 789,1499 595,1504 577,1497 561,1492 559,1492 556,1492 554,1492 552,1492 543,1499 526,1508 469,1501 425,1497 423,1497 421,1497 404,1504 384,1515 101,1515 105,1563"/>
        <Baseline points="105,1563 1583,1499"/>
        <TextEquiv conf="0.9708148864182559">
          <Unicode>ꝑue uoelle chuux ou non on ben fait boretaut</Unicode>
        </TextEquiv>
      </TextLine>

      
      
      <TextLine id="eSc_line_65d2340f" custom="structure {type:default;}">
        <Coords points="112,1632 112,1651 455,1635 457,1635 460,1635 462,1632 478,1621 883,1607 1412,1586 1415,1586 1440,1573 1440,1561 1435,1527 1362,1529 1334,1515 1332,1515 1329,1515 1327,1515 1286,1534 1283,1536 1254,1536 924,1536 922,1536 832,1540 830,1540 789,1559 784,1559 777,1559 699,1547 697,1547 694,1547 660,1563 644,1552 641,1552 639,1552 637,1552 515,1557 430,1575 423,1577 416,1577 381,1568 379,1568 377,1568 375,1568 372,1568 361,1580 358,1580 356,1580 299,1573 296,1573 294,1573 292,1573 278,1584 276,1586 108,1591 112,1632"/>
        <Baseline points="112,1632 605,1598 1440,1561"/>
        <TextEquiv conf="0.9614039128873406">
          <Unicode>Eue quant il si leua il ua tout iancelant</Unicode>
        </TextEquiv>
      </TextLine>

      
      
      <TextLine id="eSc_line_09887394" custom="structure {type:default;}">
        <Coords points="108,1683 108,1713 310,1697 434,1699 462,1699 464,1699 467,1699 469,1699 469,1697 490,1678 561,1678 563,1678 566,1678 568,1678 568,1676 579,1667 639,1681 641,1681 644,1681 690,1662 754,1674 757,1674 759,1674 761,1674 786,1658 927,1669 929,1669 931,1669 934,1669 966,1649 1046,1646 1240,1658 1256,1658 1258,1658 1260,1658 1267,1655 1359,1632 1440,1646 1451,1649 1454,1649 1472,1646 1534,1632 1576,1639 1578,1609 1576,1577 1539,1566 1537,1566 1534,1566 1348,1582 1318,1573 1316,1573 1313,1573 1265,1575 1263,1575 1260,1575 1240,1593 1237,1593 1184,1582 1182,1582 1180,1582 1148,1596 1090,1582 1088,1582 1086,1582 1083,1582 1081,1582 1053,1598 727,1598 724,1598 722,1598 720,1598 720,1600 717,1600 706,1614 621,1603 618,1603 616,1603 614,1603 614,1605 593,1621 522,1607 520,1607 517,1607 515,1607 515,1609 497,1626 462,1614 460,1614 457,1614 455,1614 404,1630 400,1630 395,1630 331,1621 329,1621 326,1621 324,1621 306,1635 301,1637 105,1642 108,1683"/>
        <Baseline points="108,1683 462,1669 720,1644 1578,1609"/>
        <TextEquiv conf="0.9843903942541643">
          <Unicode>menerle fist le dame dedens se cambre errant</Unicode>
        </TextEquiv>
      </TextLine>

      
      
      <TextLine id="eSc_line_f9f96511" custom="structure {type:default;}">
        <Coords points="225,1743 225,1764 455,1764 457,1764 476,1759 538,1741 766,1745 768,1745 770,1745 773,1745 786,1731 814,1747 816,1747 819,1747 821,1747 823,1747 851,1729 927,1736 929,1736 1035,1722 1138,1736 1155,1738 1157,1738 1159,1738 1168,1736 1240,1715 1270,1729 1272,1729 1274,1729 1380,1711 1619,1720 1622,1692 1615,1651 1458,1655 1456,1655 1408,1642 1405,1642 1403,1642 1401,1642 1341,1660 1339,1660 1286,1646 1283,1646 1281,1646 1279,1646 1247,1660 1159,1651 1157,1651 1155,1651 1125,1667 924,1660 922,1660 920,1660 918,1660 901,1674 855,1662 853,1662 851,1662 849,1662 782,1681 766,1667 763,1667 761,1667 759,1667 678,1669 676,1669 674,1669 653,1685 536,1674 533,1674 531,1674 457,1692 361,1685 358,1685 356,1685 354,1685 354,1688 342,1697 342,1699 220,1701 225,1743"/>
        <Baseline points="225,1743 957,1706 1622,1692"/>
        <TextEquiv conf="0.9782204980199988">
          <Unicode>R est iy rõmains yures sꝙ que cõte uous an</Unicode>
        </TextEquiv>
      </TextLine>

      
      
      <TextLine id="eSc_line_b99ad7df" custom="structure {type:default;}">
        <Coords points="239,1805 239,1826 331,1814 340,1823 347,1828 347,1830 349,1830 352,1830 354,1830 402,1828 404,1828 407,1828 407,1826 414,1821 421,1814 430,1821 437,1826 439,1826 441,1826 444,1826 692,1816 694,1816 697,1816 701,1812 713,1803 763,1810 773,1810 775,1810 777,1810 780,1810 798,1796 830,1805 832,1805 835,1805 982,1789 1051,1800 1072,1803 1074,1803 1076,1803 1079,1803 1079,1800 1081,1800 1081,1798 1092,1784 1251,1777 1293,1791 1295,1791 1297,1791 1500,1784 1500,1757 1493,1715 234,1754 239,1805"/>
        <Baseline points="239,1805 540,1798 987,1768 1500,1757"/>
        <TextEquiv conf="0.9877713935242759">
          <Unicode>Et in fausse Rone ny afait mil delay</Unicode>
        </TextEquiv>
      </TextLine>

      
      
      <TextLine id="eSc_line_94f607ef" custom="structure {type:default;}">
        <Coords points="589,1796 566,1798 554,1798 538,1812 432,1814 352,1803 335,1805 312,1805 294,1805 230,1821 105,1807 108,1860 108,1892 135,1897 138,1897 140,1897 142,1897 149,1892 177,1876 312,1888 361,1890 363,1890 365,1890 377,1885 407,1869 430,1883 437,1888 439,1888 441,1888 444,1888 446,1888 455,1883 473,1872 490,1881 490,1883 492,1883 494,1883 497,1883 591,1881 593,1881 600,1879 630,1862 687,1874 690,1874 692,1874 731,1856 855,1853 867,1862 867,1865 869,1865 872,1865 874,1865 876,1865 915,1851 954,1867 957,1867 959,1867 961,1867 964,1867 987,1849 1046,1858 1049,1858 1189,1839 1297,1839 1329,1856 1332,1856 1334,1856 1336,1856 1339,1856 1398,1839 1428,1853 1431,1853 1433,1853 1435,1853 1532,1849 1532,1812 1525,1773 1424,1777 1415,1775 1387,1764 1385,1764 1382,1764 1380,1764 1334,1777 1313,1782 1302,1777 1283,1768 1281,1768 1279,1768 1277,1768 1235,1780 1228,1780 1221,1780 1178,1770 1175,1770 1173,1770 1152,1780 1136,1789 1118,1782 1106,1777 1104,1777 1102,1777 1060,1782 1003,1791 975,1784 952,1780 950,1780 947,1780 915,1787 862,1798 812,1789 782,1784 780,1784 745,1791 674,1805 602,1793 589,1796"/>
        <Baseline points="108,1860 467,1856 927,1828 1532,1812"/>
        <TextEquiv conf="0.9836335433853998">
          <Unicode>Tant sist qui du cargnon dy osta le brif uray</Unicode>
        </TextEquiv>
      </TextLine>

      
      
      <TextLine id="eSc_line_a3ba6ade" custom="structure {type:default;}">
        <Coords points="110,1943 471,1943 471,1941 473,1941 494,1934 510,1927 524,1931 540,1938 543,1938 545,1938 547,1938 549,1938 549,1936 554,1931 566,1920 641,1929 646,1929 648,1929 653,1929 710,1915 750,1927 752,1927 754,1927 757,1927 759,1927 777,1913 839,1925 853,1927 855,1927 876,1925 980,1906 1040,1920 1051,1922 1053,1922 1056,1922 1058,1922 1060,1920 1079,1906 1136,1915 1138,1915 1141,1915 1168,1902 1221,1915 1224,1915 1226,1918 1226,1915 1228,1915 1281,1902 1293,1913 1295,1913 1297,1913 1300,1913 1408,1911 1408,1876 1403,1842 1247,1833 1244,1833 1242,1833 1205,1844 1191,1849 1182,1844 1161,1835 1159,1835 1157,1835 1155,1835 1111,1846 1092,1851 1081,1846 1056,1837 1053,1837 1051,1837 915,1842 913,1842 911,1842 911,1844 908,1844 904,1851 899,1856 876,1851 835,1844 832,1844 754,1853 664,1865 635,1856 618,1851 616,1851 614,1851 612,1851 600,1856 582,1867 556,1858 554,1858 552,1858 545,1858 421,1872 404,1860 402,1860 400,1860 398,1860 395,1860 393,1860 372,1874 223,1867 220,1867 218,1867 165,1881 110,1867 110,1911 110,1943"/>
        <Baseline points="110,1911 402,1911 1408,1876"/>
        <TextEquiv conf="0.9897328228563875">
          <Unicode>un capelain apelle le dame sans esman</Unicode>
        </TextEquiv>
      </TextLine>

      
      
      <TextLine id="eSc_line_7b914590" custom="structure {type:default;}">
        <Coords points="1182,1885 1180,1885 1178,1885 1134,1904 1125,1906 1049,1906 780,1904 777,1904 775,1904 724,1918 710,1922 708,1920 699,1911 697,1911 694,1911 692,1911 690,1911 667,1920 655,1925 639,1922 595,1913 593,1913 591,1913 589,1913 589,1915 577,1925 568,1934 432,1938 418,1929 411,1925 409,1925 407,1925 404,1925 402,1925 381,1931 368,1936 358,1931 342,1925 340,1925 338,1925 335,1925 306,1934 296,1936 280,1934 232,1929 230,1929 227,1929 225,1929 216,1938 202,1948 172,1938 154,1934 151,1934 149,1934 147,1934 144,1934 138,1941 126,1948 89,1943 94,1998 94,2023 181,2023 184,2023 186,2023 186,2021 188,2021 204,2007 264,2017 283,2019 285,2019 287,2019 289,2019 289,2017 292,2017 306,1998 356,1998 379,2010 388,2014 391,2014 393,2014 395,2014 409,2010 444,1991 494,1991 513,2003 517,2007 520,2007 522,2007 524,2007 556,2000 616,1984 757,1980 773,1989 789,1996 791,1996 793,1996 796,1996 819,1984 837,1977 862,1982 874,1984 876,1984 878,1984 885,1982 906,1973 920,1980 938,1989 941,1989 943,1989 945,1989 982,1975 994,1973 1023,1973 1138,1980 1141,1980 1143,1980 1198,1964 1203,1964 1210,1964 1316,1971 1318,1971 1320,1971 1323,1971 1334,1959 1334,1941 1329,1897 1228,1899 1226,1899 1184,1885 1182,1885"/>
        <Baseline points="94,1998 704,1959 1334,1941"/>
        <TextEquiv conf="0.9709362748422121">
          <Unicode>Se ly dist en prine sire Ie uous diray</Unicode>
        </TextEquiv>
      </TextLine>

      
      
      <TextLine id="eSc_line_9f43308e" custom="structure {type:default;}">
        <Coords points="117,2053 117,2081 345,2063 400,2072 402,2072 404,2072 407,2072 427,2058 444,2072 446,2072 448,2072 450,2072 457,2072 540,2056 646,2065 690,2067 692,2067 694,2067 710,2063 745,2046 876,2046 888,2056 890,2058 892,2058 895,2058 897,2058 924,2053 989,2042 1012,2051 1033,2058 1035,2058 1037,2058 1040,2058 1042,2058 1042,2056 1051,2049 1060,2040 1214,2037 1237,2042 1281,2051 1283,2051 1286,2051 1332,2037 1352,2033 1364,2037 1385,2046 1387,2046 1389,2046 1447,2033 1447,2014 1442,1977 1306,1968 1304,1968 1302,1968 1260,1980 1258,1980 1217,1968 1214,1968 1212,1968 1210,1968 1164,1982 1143,1966 1141,1966 1138,1966 1136,1966 952,1973 950,1973 920,1989 918,1989 911,1989 867,1980 865,1980 809,1991 793,1994 786,1991 752,1977 750,1977 747,1977 745,1977 743,1977 743,1980 731,1991 727,1996 717,1994 676,1980 674,1980 671,1980 669,1980 667,1980 667,1982 653,1994 648,2000 609,2000 605,1996 591,1984 591,1982 589,1982 586,1982 584,1982 582,1982 579,1982 563,1996 556,2000 520,1998 434,1989 432,1989 430,1989 427,1989 414,2000 402,2007 115,2007 117,2053"/>
        <Baseline points="117,2053 1447,2014"/>
        <TextEquiv conf="0.9696767011354136">
          <Unicode>Se uoray un brief fare tel qlie uo canteray</Unicode>
        </TextEquiv>
      </TextLine>

      
      
      <TextLine id="eSc_line_716b8c35" custom="structure {type:default;}">
        <Coords points="138,2104 138,2139 204,2139 204,2136 207,2136 209,2136 211,2134 234,2120 257,2132 262,2134 264,2134 266,2134 283,2132 329,2122 345,2129 352,2132 354,2132 356,2132 358,2132 361,2132 361,2129 363,2129 372,2120 398,2127 416,2132 418,2132 421,2132 423,2132 444,2125 469,2118 490,2122 515,2129 517,2129 520,2129 522,2129 524,2129 524,2127 531,2122 540,2113 568,2120 586,2125 589,2125 591,2125 625,2118 660,2111 671,2116 690,2125 692,2125 694,2125 697,2125 720,2113 727,2111 759,2113 869,2120 872,2120 1026,2102 1035,2102 1063,2116 1065,2116 1067,2116 1069,2116 1104,2099 1150,2113 1152,2113 1155,2113 1157,2113 1194,2095 1194,2079 1182,2033 1171,2044 1136,2035 1115,2030 1113,2030 1111,2030 1044,2033 1042,2033 1040,2033 1035,2037 1026,2046 1014,2040 1005,2033 1003,2033 1000,2033 998,2033 950,2042 892,2053 674,2056 653,2051 625,2042 623,2042 621,2042 618,2042 593,2051 577,2058 536,2053 490,2049 487,2049 437,2056 398,2063 391,2058 381,2051 379,2051 377,2051 375,2051 331,2060 306,2065 296,2060 278,2051 276,2051 273,2051 271,2051 269,2051 255,2063 248,2067 135,2067 138,2104"/>
        <Baseline points="138,2104 1194,2079"/>
        <TextEquiv conf="0.9644524995237589">
          <Unicode>t lyscapelans uoluoiers le feray</Unicode>
        </TextEquiv>
      </TextLine>

      
      
      <TextLine id="eSc_line_b9e36e18" custom="structure {type:default;}">
        <Coords points="110,2168 110,2185 303,2196 306,2196 308,2196 310,2196 310,2194 312,2194 322,2182 356,2182 616,2189 618,2189 621,2189 646,2178 655,2175 699,2178 812,2185 814,2185 816,2185 844,2175 860,2171 883,2175 922,2182 924,2182 927,2182 947,2173 964,2168 977,2173 994,2180 996,2180 998,2180 1000,2180 1030,2173 1060,2166 1088,2173 1118,2178 1120,2178 1157,2171 1196,2164 1433,2166 1435,2139 1431,2093 1350,2090 1348,2090 1346,2090 1343,2090 1341,2093 1325,2106 1283,2095 1277,2093 1274,2093 1272,2093 1244,2095 1164,2104 1063,2099 1026,2097 1023,2097 1021,2097 1017,2099 989,2116 920,2116 849,2102 839,2102 837,2102 823,2104 713,2120 625,2106 616,2106 614,2106 612,2106 609,2106 609,2109 591,2122 483,2111 480,2111 478,2111 476,2111 455,2125 260,2120 257,2120 174,2132 108,2118 110,2168"/>
        <Baseline points="110,2168 1435,2139"/>
        <TextEquiv conf="0.9941617978943719">
          <Unicode>Pun pors deiser euere et parquemn ay</Unicode>
        </TextEquiv>
      </TextLine>

      
      
      <TextLine id="eSc_line_d7cad897" custom="structure {type:default;}">
        <Coords points="112,2235 112,2244 227,2254 230,2254 294,2242 317,2237 335,2240 388,2249 391,2249 441,2237 457,2235 476,2237 549,2247 552,2247 554,2247 556,2247 577,2235 582,2233 621,2233 757,2237 759,2237 805,2228 823,2226 832,2228 862,2240 865,2240 867,2240 869,2240 872,2240 888,2228 1049,2237 1051,2237 1115,2224 1415,2231 1417,2231 1419,2231 1421,2231 1440,2217 1440,2205 1435,2164 1065,2159 1063,2159 1005,2171 998,2171 991,2171 947,2159 945,2159 943,2159 941,2159 938,2159 920,2171 918,2173 908,2171 851,2162 849,2162 846,2162 844,2162 826,2173 821,2175 782,2173 637,2166 635,2166 632,2166 630,2166 630,2168 621,2178 618,2178 602,2178 476,2168 473,2168 471,2168 469,2168 453,2180 450,2180 444,2180 352,2171 349,2171 347,2171 345,2171 331,2182 326,2187 110,2187 112,2235"/>
        <Baseline points="112,2235 644,2212 1440,2205"/>
        <TextEquiv conf="0.9913205676957181">
          <Unicode>Pyre che distiadame Ie uous recordoray</Unicode>
        </TextEquiv>
      </TextLine>

      
      
      <TextLine id="eSc_line_de3c9dfd" custom="structure {type:default;}">
        <Coords points="1737,2226 1716,2210 1578,2201 1576,2201 1495,2217 1491,2219 1465,2219 1042,2219 1040,2219 1037,2219 1005,2231 1000,2231 980,2231 839,2221 837,2221 763,2235 750,2237 738,2237 676,2226 674,2226 602,2228 600,2228 598,2228 584,2240 582,2244 381,2247 377,2247 352,2235 349,2235 347,2235 345,2235 342,2235 326,2247 322,2249 315,2247 283,2237 280,2237 278,2237 276,2237 239,2249 230,2251 223,2249 186,2240 184,2240 181,2240 103,2251 105,2297 105,2320 225,2311 368,2318 409,2318 411,2318 414,2318 421,2316 441,2306 476,2313 487,2316 490,2316 492,2316 497,2313 517,2304 621,2311 644,2311 646,2311 662,2309 761,2295 885,2304 901,2304 904,2304 906,2304 908,2304 924,2290 964,2302 966,2302 968,2302 971,2302 973,2302 975,2302 1012,2288 1056,2297 1058,2297 1187,2283 1224,2295 1226,2295 1228,2295 1231,2295 1283,2281 1300,2293 1302,2293 1304,2293 1306,2293 1412,2290 1421,2290 1589,2272 1741,2281 1744,2251 1741,2240 1737,2226"/>
        <Baseline points="105,2297 922,2267 1744,2251"/>
        <TextEquiv conf="0.9948178070286909">
          <Unicode>Tout che que Ie ueul faire mais Ie uous on deran</Unicode>
        </TextEquiv>
      </TextLine>

      
      
      <TextLine id="eSc_line_59fe78ba" custom="structure {type:default;}">
        <Coords points="112,2366 112,2385 846,2369 849,2369 906,2352 954,2364 957,2364 959,2364 1067,2343 1074,2343 1079,2343 1122,2357 1125,2357 1127,2357 1129,2357 1132,2357 1132,2355 1134,2355 1145,2341 1145,2339 1247,2336 1274,2348 1277,2348 1279,2348 1281,2348 1309,2334 1394,2346 1396,2346 1398,2346 1428,2327 1428,2313 1424,2267 1237,2283 1166,2277 1127,2272 1125,2272 1122,2272 1104,2279 1067,2290 837,2290 835,2290 616,2309 545,2300 543,2300 540,2300 499,2313 467,2302 464,2302 462,2302 283,2306 280,2306 278,2306 278,2309 262,2323 241,2309 239,2309 236,2309 234,2309 108,2313 112,2366"/>
        <Baseline points="112,2366 736,2346 1184,2318 1428,2313"/>
        <TextEquiv conf="0.978314449658265">
          <Unicode>Gdye plus ache Ioul que ne prometeran</Unicode>
        </TextEquiv>
      </TextLine>

      
      
      <TextLine id="eSc_line_b0e8d5ee" custom="structure {type:default;}">
        <Coords points="119,2433 119,2467 225,2465 227,2465 230,2465 250,2449 310,2461 319,2461 322,2461 324,2461 326,2461 329,2458 356,2442 434,2454 448,2454 450,2454 467,2451 545,2433 572,2444 582,2449 584,2449 586,2449 669,2440 766,2428 784,2433 805,2440 807,2440 809,2440 812,2440 842,2431 874,2419 906,2426 938,2433 941,2433 943,2433 945,2433 959,2424 973,2412 1023,2410 1194,2405 1201,2410 1210,2417 1212,2417 1214,2417 1217,2417 1219,2417 1221,2417 1237,2408 1244,2403 1251,2405 1283,2419 1286,2419 1288,2419 1403,2398 1415,2396 1417,2396 1445,2412 1447,2412 1449,2412 1451,2412 1502,2392 1502,2373 1497,2332 1288,2329 1286,2329 1283,2329 1281,2329 1281,2332 1270,2341 1263,2346 1132,2346 964,2346 961,2346 959,2346 957,2346 950,2352 941,2359 920,2352 904,2348 901,2348 899,2348 897,2348 895,2348 895,2350 890,2355 881,2364 701,2371 595,2364 545,2362 543,2362 540,2362 522,2366 478,2380 398,2373 395,2373 329,2385 308,2375 303,2373 301,2373 299,2373 296,2373 292,2375 266,2389 232,2378 225,2375 223,2375 220,2375 115,2380 119,2433"/>
        <Baseline points="119,2433 1502,2373"/>
        <TextEquiv conf="0.9703340470790863">
          <Unicode>Estrisies iou leury que honneur englisay</Unicode>
        </TextEquiv>
      </TextLine>

      
      
      <TextLine id="eSc_line_0ed71ff6" custom="structure {type:default;}">
        <Coords points="126,2502 128,2536 170,2527 223,2534 266,2541 269,2541 271,2541 273,2541 273,2539 280,2534 296,2520 356,2530 358,2530 361,2530 393,2516 418,2532 421,2532 423,2532 425,2532 427,2532 430,2532 430,2530 448,2516 529,2525 531,2525 533,2525 536,2525 559,2509 639,2509 697,2525 715,2530 717,2530 720,2530 722,2530 724,2530 731,2525 763,2504 975,2502 1023,2516 1026,2516 1028,2516 1030,2516 1069,2497 1115,2516 1118,2516 1120,2516 1122,2516 1125,2516 1127,2516 1173,2500 1217,2513 1226,2516 1228,2516 1231,2516 1233,2516 1247,2513 1327,2490 1405,2509 1410,2509 1412,2509 1679,2502 1679,2467 1675,2424 1585,2426 1578,2424 1537,2410 1534,2410 1532,2410 1530,2410 1500,2426 1493,2431 1341,2431 1332,2431 1265,2417 1263,2417 1180,2433 1155,2438 1150,2433 1136,2424 1134,2424 1132,2424 1129,2424 1044,2435 1042,2435 1040,2435 984,2424 982,2424 980,2424 950,2438 941,2442 895,2440 800,2431 798,2431 796,2431 775,2442 768,2444 761,2442 736,2431 734,2431 731,2431 729,2431 697,2442 678,2449 632,2444 554,2435 552,2435 485,2447 439,2456 404,2449 372,2442 370,2442 368,2442 335,2451 299,2461 287,2451 280,2447 280,2444 278,2444 276,2444 273,2444 271,2444 269,2444 257,2451 241,2461 124,2456 126,2502"/>
        <Baseline points="126,2502 1247,2467 1679,2467"/>
        <TextEquiv conf="0.9754821679421833">
          <Unicode>Et suis pois dengleterre ⁊ emouunant seran</Unicode>
        </TextEquiv>
      </TextLine>

      
      
      <TextLine id="eSc_line_7c0844e8" custom="structure {type:default;}">
        <Coords points="117,2562 119,2599 158,2578 294,2589 296,2589 377,2573 395,2587 398,2587 400,2587 418,2589 536,2592 538,2592 540,2592 543,2592 543,2589 549,2585 554,2578 706,2569 745,2578 782,2587 784,2587 786,2587 862,2573 938,2562 989,2571 1014,2573 1017,2573 1019,2573 1021,2573 1026,2569 1033,2564 1040,2569 1058,2578 1060,2578 1063,2578 1065,2578 1067,2578 1081,2566 1092,2559 1134,2566 1219,2578 1221,2578 1224,2578 1226,2578 1247,2562 1256,2555 1283,2559 1334,2571 1336,2571 1339,2571 1364,2557 1373,2553 1382,2557 1412,2571 1415,2571 1417,2573 1566,2573 1566,2571 1569,2571 1571,2571 1599,2553 1599,2536 1592,2479 1557,2497 1394,2497 1350,2486 1343,2484 1341,2484 1339,2484 1272,2486 1270,2486 1267,2486 1267,2488 1251,2500 1203,2490 1201,2490 1198,2490 1196,2490 1196,2493 1184,2502 1076,2493 1049,2490 1046,2490 938,2493 936,2493 927,2495 892,2509 816,2500 784,2495 782,2495 780,2495 763,2500 731,2511 676,2502 655,2500 653,2500 651,2500 648,2500 648,2502 646,2504 635,2516 115,2516 117,2562"/>
        <Baseline points="117,2562 1173,2536 1599,2536"/>
        <TextEquiv conf="0.9898850488108258">
          <Unicode>mande a tous mes harons ⁊ quarque iou en ay</Unicode>
        </TextEquiv>
      </TextLine>

      
      
      <TextLine id="eSc_line_8fc4bdf2" custom="structure {type:default;}">
        <Coords points="121,2633 121,2663 202,2649 303,2658 331,2661 333,2661 335,2661 338,2661 340,2658 361,2642 464,2642 499,2654 508,2656 510,2656 513,2656 515,2656 522,2654 547,2638 616,2638 651,2649 658,2651 660,2651 662,2651 664,2651 667,2651 667,2649 669,2649 685,2635 734,2647 745,2649 747,2649 763,2647 830,2631 934,2642 947,2642 950,2642 952,2642 957,2642 989,2628 1040,2640 1049,2640 1051,2640 1053,2640 1060,2638 1106,2626 1375,2628 1378,2596 1373,2553 1228,2550 1226,2550 1224,2550 1221,2550 1212,2557 1203,2564 1178,2559 1141,2550 1138,2550 1136,2550 1111,2562 1102,2564 1095,2562 1069,2553 1067,2553 1065,2553 1063,2553 1060,2553 1060,2555 1051,2564 1044,2569 1026,2564 984,2555 982,2555 927,2566 901,2573 885,2569 853,2559 851,2559 849,2559 846,2559 814,2571 800,2576 745,2573 653,2571 651,2571 552,2580 513,2585 510,2582 499,2573 499,2571 497,2571 494,2571 492,2571 370,2587 352,2589 347,2589 308,2576 306,2576 303,2576 202,2589 128,2580 126,2580 124,2580 121,2580 121,2582 119,2582 121,2633"/>
        <Baseline points="121,2633 1378,2596"/>
        <TextEquiv conf="0.9920595463584451">
          <Unicode>Et especiament ie mande sans delay</Unicode>
        </TextEquiv>
      </TextLine>

      
      
      <TextLine id="eSc_line_dd86926e" custom="structure {type:default;}">
        <Coords points="115,2695 115,2720 271,2709 377,2718 395,2718 398,2718 400,2718 402,2718 427,2707 513,2714 579,2720 582,2720 584,2720 602,2711 621,2704 664,2711 699,2716 701,2716 704,2716 720,2709 738,2702 777,2709 828,2716 830,2716 832,2716 869,2707 895,2700 941,2704 1026,2714 1028,2714 1030,2714 1033,2714 1046,2702 1051,2697 1060,2702 1081,2709 1083,2709 1086,2711 1256,2711 1256,2709 1258,2709 1260,2709 1274,2697 1279,2695 1304,2695 1479,2707 1481,2707 1484,2707 1518,2691 1518,2674 1514,2638 1357,2619 1355,2619 1233,2638 1201,2642 1173,2638 1088,2624 1086,2624 1083,2624 1053,2640 1040,2645 996,2640 897,2626 895,2626 798,2640 731,2649 667,2649 658,2640 648,2633 648,2631 646,2631 644,2631 641,2631 595,2640 549,2651 520,2642 503,2635 501,2635 499,2635 497,2635 494,2635 487,2642 471,2651 112,2645 115,2695"/>
        <Baseline points="115,2695 1518,2674"/>
        <TextEquiv conf="0.9928620484140184">
          <Unicode>ꝑ conte de clochestre quẽ men liruie laissay</Unicode>
        </TextEquiv>
      </TextLine>

      
      
      <TextLine id="eSc_line_60ad9e6e" custom="structure {type:default;}">
        <Coords points="119,2757 121,2792 177,2771 294,2787 310,2789 312,2789 315,2789 324,2787 398,2769 478,2783 503,2787 506,2787 540,2783 632,2766 685,2778 687,2778 690,2778 692,2778 694,2778 713,2764 789,2776 805,2778 807,2778 823,2776 878,2764 899,2773 913,2780 915,2780 918,2780 920,2780 922,2780 922,2778 929,2773 943,2762 1000,2762 1023,2771 1049,2780 1051,2780 1053,2780 1056,2780 1076,2769 1092,2762 1194,2762 1205,2766 1233,2778 1235,2778 1237,2778 1339,2764 1440,2776 1442,2776 1445,2776 1474,2760 1474,2741 1468,2700 117,2709 119,2757"/>
        <Baseline points="119,2757 1474,2741"/>
        <TextEquiv conf="0.9648178830379393">
          <Unicode>Que ses lettres ueurs que a rõmt saielay</Unicode>
        </TextEquiv>
      </TextLine>

      
      
      <TextLine id="eSc_line_2878b5d8" custom="structure {type:default;}">
        <Coords points="128,2838 128,2865 273,2863 276,2863 278,2863 310,2842 418,2858 441,2861 444,2861 563,2858 566,2858 575,2854 609,2835 681,2852 690,2852 692,2852 694,2852 701,2849 761,2833 837,2842 839,2842 842,2842 844,2842 844,2840 846,2840 853,2829 996,2829 1019,2840 1023,2845 1026,2845 1028,2845 1030,2845 1033,2845 1035,2845 1040,2840 1056,2826 1247,2824 1279,2833 1313,2845 1316,2845 1318,2845 1320,2845 1346,2833 1530,2840 1532,2840 1534,2840 1537,2840 1553,2829 1553,2812 1548,2771 1249,2773 1247,2771 1233,2760 1233,2757 1231,2757 1228,2757 1226,2757 1224,2757 1221,2757 1203,2771 1129,2760 1127,2760 1125,2760 1092,2773 1083,2776 1069,2773 1017,2762 1014,2762 1012,2762 1010,2762 996,2773 989,2778 982,2773 961,2764 959,2764 957,2764 883,2773 837,2780 793,2776 731,2766 729,2766 727,2766 697,2776 667,2785 641,2776 623,2769 621,2769 618,2769 616,2769 614,2769 605,2776 593,2783 584,2776 577,2771 575,2771 572,2771 570,2771 520,2776 467,2783 430,2778 402,2773 400,2773 398,2773 381,2778 326,2792 126,2780 128,2838"/>
        <Baseline points="128,2838 890,2810 1553,2812"/>
        <TextEquiv conf="0.9897945021328173">
          <Unicode>ge en un feu clamne car iamais naueran</Unicode>
        </TextEquiv>
      </TextLine>

      
      
      <TextLine id="eSc_line_fcf15757" custom="structure {type:default;}">
        <Coords points="1484,2870 1484,2900 1525,2900 1525,2870 1525,2842 1484,2833 1484,2870"/>
        <Baseline points="1484,2870 1525,2870"/>
        <TextEquiv conf="0.9999986886978149">
          <Unicode>C</Unicode>
        </TextEquiv>
      </TextLine>

      
      
      <TextLine id="eSc_line_d9d07d1c" custom="structure {type:default;}">
        <Coords points="131,2900 131,2916 167,2927 170,2927 172,2927 174,2927 204,2916 209,2914 220,2914 278,2923 280,2923 283,2923 301,2914 312,2907 372,2911 478,2921 480,2921 483,2921 517,2909 524,2907 529,2909 563,2918 566,2918 568,2918 630,2907 651,2902 667,2904 690,2911 692,2911 694,2911 697,2911 699,2911 706,2904 710,2900 720,2904 738,2911 740,2911 743,2911 745,2911 766,2902 786,2893 952,2891 961,2900 968,2904 968,2907 971,2907 973,2907 975,2907 1017,2898 1060,2888 1099,2895 1134,2902 1136,2902 1389,2898 1392,2898 1394,2898 1403,2891 1419,2879 1442,2888 1447,2868 1442,2826 1125,2817 1122,2817 1120,2817 1060,2833 943,2822 941,2822 938,2822 890,2833 761,2826 759,2826 681,2842 641,2831 639,2831 637,2831 635,2831 632,2831 632,2833 621,2845 522,2847 455,2849 453,2849 423,2835 421,2835 418,2835 416,2835 381,2852 379,2852 349,2838 347,2838 345,2838 342,2838 310,2854 306,2856 128,2856 131,2900"/>
        <Baseline points="131,2900 842,2875 1447,2868"/>
        <TextEquiv conf="0.9921545307887228">
          <Unicode>y et se porteure Rieus en ly nẽgerray</Unicode>
        </TextEquiv>
      </TextLine>

      
      
      <TextLine id="eSc_line_2ad6adae" custom="structure {type:default;}">
        <Coords points="126,2960 126,2973 195,2987 197,2987 200,2987 236,2973 324,2985 326,2985 329,2985 356,2971 395,2985 398,2985 400,2985 566,2983 568,2983 607,2966 750,2978 752,2978 754,2978 789,2960 908,2960 938,2973 941,2973 943,2973 945,2973 973,2960 1000,2973 1003,2973 1005,2973 1081,2957 1109,2971 1111,2971 1113,2971 1171,2960 1217,2969 1219,2969 1221,2969 1260,2953 1334,2966 1336,2966 1484,2953 1518,2962 1520,2962 1523,2962 1525,2962 1557,2944 1557,2930 1553,2895 1465,2881 1463,2881 1461,2881 1419,2895 1362,2881 1359,2881 1357,2881 1355,2881 1352,2881 1329,2898 1327,2898 1247,2884 1244,2884 1242,2884 1240,2884 1219,2900 1217,2900 1212,2900 1113,2886 1111,2886 1109,2886 1067,2902 1065,2902 1063,2902 1003,2888 1000,2888 998,2888 996,2888 973,2904 971,2904 964,2904 895,2891 892,2891 784,2907 761,2909 715,2907 579,2902 577,2902 575,2902 572,2902 561,2911 556,2914 536,2911 492,2904 490,2904 338,2914 294,2916 287,2916 248,2904 246,2904 243,2904 241,2904 239,2904 239,2907 227,2916 220,2921 202,2916 156,2907 154,2907 151,2907 124,2914 126,2960"/>
        <Baseline points="126,2960 1557,2930"/>
        <TextEquiv conf="0.971744091808796">
          <Unicode>Or tes metes amort uon gre uous en saray</Unicode>
        </TextEquiv>
      </TextLine>

      
      
      <TextLine id="eSc_line_2cc74fbf" custom="structure {type:default;}">
        <Coords points="128,3017 128,3063 156,3077 158,3077 161,3077 163,3077 209,3063 234,3056 246,3063 266,3077 269,3077 271,3077 273,3077 276,3077 278,3077 278,3075 292,3063 308,3049 329,3063 331,3065 333,3065 335,3065 338,3065 340,3065 347,3063 381,3045 487,3056 490,3056 492,3056 522,3040 547,3052 549,3052 552,3052 630,3038 747,3061 763,3063 766,3063 768,3063 775,3061 849,3035 1051,3058 1053,3058 1056,3058 1111,3033 1145,3049 1148,3049 1150,3049 1256,3045 1283,3058 1286,3058 1288,3058 1290,3058 1293,3058 1320,3035 1350,3047 1352,3047 1355,3047 1357,3047 1396,3038 1451,3058 1461,3061 1463,3061 1465,3061 1640,3056 1640,2996 1635,2960 1477,2944 1474,2944 1472,2944 1470,2944 1470,2946 1468,2946 1456,2960 1454,2960 1421,2950 1419,2950 1417,2950 1208,2960 1143,2962 1134,2960 1102,2950 1099,2950 1097,2950 1095,2950 1076,2960 1067,2964 1042,2960 984,2950 982,2950 980,2950 959,2960 947,2966 938,2960 927,2953 924,2953 922,2953 920,2953 918,2953 885,2962 869,2964 849,2962 803,2953 800,2953 761,2962 743,2964 717,2962 664,2955 662,2955 660,2955 648,2962 628,2973 409,2973 326,2962 299,2960 296,2960 280,2962 223,2976 126,2964 128,3017"/>
        <Baseline points="128,3017 1640,2996"/>
        <TextEquiv conf="0.9575102911439053">
          <Unicode>Et se uous ne le faigtes Ie uaus courtheran</Unicode>
        </TextEquiv>
      </TextLine>

      
    </TextRegion>
    

    
  </Page>
</PcGts>
