3104 4140
1875 533 2977 653 ne leray ħõueur ne seiguoure
1451 552 3018 708 qluenus ma souxtis mais ni me tẽ̾rõt in
1433 692 2779 804 Et uoray aourer en louueur dicu marie
1369 775 2795 878 E men yray mauoir en bos ou est fuelie
1421 837 2970 949 Car ie me pens adieudent pleure et larmie
1415 903 2942 1018 Archomes fist mander esrãment se clergie
1412 970 2873 1071 Clariande y a la qui moult fu au cuer lie
1417 1037 2860 1131 Oe sen pere et se gent qui estoit conuortie
1421 1106 2834 1198 Ele a as crestiens le nouuelle nouce
1403 1175 2970 1283 Dout uent ale chae ie plusgrande partie
1424 1253 2926 1363 y grant clerdies y uint qui lost auoit siruye
1378 1338 2802 1428 Mar le cõmant du roy qui lerot embaillie
1385 1405 2913 1511 pptiferent graibault et toute se maisme
1371 1485 2867 1593 pra ybaux se uabtip qui le char ot blechie
1382 1566 2586 1669 Et ot non lois sy con listore tie
1566 1644 3016 1759 lors est en sains feul se iouuente baigone
1385 1724 2887 1819 Dont fu sains̃ et hagtios ou non sainte maru
1346 1784 3000 1908 Seigneur ꝑsy faitement fait dieux as bõs aie
1451 1860 2816 1975 t les mauuais felons Il punist alefie
1401 1929 2763 2042 Le belle clariande fu es fous baptizie
1378 2005 2811 2129 Iy siens nous ly remest la pucellu iolie
1461 2093 2758 2194 reoit. Parfattement en le loy adrechie
1373 2162 2738 2256 Ies geus de le chite amenderent leur un
1371 2224 2634 2325 Et lois sen a ladeoit Par une muye
1516 2293 2890 2405 ung uos ou il fu ouil fit sy geystoie crie
1346 2362 2908 2481 heruntes ul ans Ious sceux sans A apaignie
1323 2458 2901 2580 Tant fist quil est es chieux lassus ẽt noissie
1318 2539 2823 2645 Clariande nemest le tierre en se baillie
1341 2624 2731 2727 Eet anthomes dy rois entra en se nanie
1461 2686 2445 2787 dela sen ala sy qilre ce
1323 2762 2834 2879 Uiers flandres le conterdise uoir aquellue
1516 2829 3002 2962 thomes ly gentieux sei ua por mersalre
1479 2907 2657 2999 illlescluse arma par une mater
1320 2973 3011 3098 mes bruges a caie camps nest pout crestiẽnee
