3104 4140
303 616 1336 719 u uns capelains mes ie la lay ferer
128 671 1520 784 Nun contel ens ou corps que mort le fis quers
329 738 1341 825 scecond alay tellement mainteme
154 775 188 857 E
156 779 1470 894 dui uni paires de lectres pour elaine homuu
158 827 1442 952 Ne fist unt iournee et puis la lay mourders
167 871 1744 1007 Wuous pry biaux douln sieux sans pont de lalentis
174 949 1419 1067 due mise soit en liei ou ie puise languir
170 1002 1410 1127 auss le mort Recheuoir tout a uotre plaisir
144 1053 1527 1177 Du de tous mes pequiesz me puisse repeiter
174 1122 1311 1228 t l ihũceist de gloirr aouder et seruir
165 1166 1564 1290 Par quon ie pufse encore sans penãchesente
170 1225 1224 1350 aioir lamour de dieu ⁊ se glore ueir
170 1294 1587 1405 Dar foy che dist henry uion uous Adeuer taisir
172 1363 1357 1451 dalez lassus en gloire la ou sont lu martir
181 1407 1217 1511 yes cousessroide uon aus sanl falir
170 1462 1302 1559 ar il comierra en che grant feubruir
174 1513 1619 1626 ont ds cõmencha ly uielle a ieter maint soupir
177 1575 1270 1674 ⁊t Ia fesist le Roy asen suer ratenris
167 1621 1571 1741 ue fust s rois authoures qui dieips puist beneir
181 1697 1442 1782 qui dist au Roy heury qui tant fist acdemur
170 1747 1435 1844 ly pois dengliterrce naies foint dalentir
232 1800 1449 1899 faire uostre mere agrant tourment feuir
177 1860 1355 1975 drains quant Ie laliy de samour rquerir
170 1915 1398 2019 esle mot en couuent ie iure saul mentir
131 1957 1417 2095 Sa ft̾me leipr̃ dece ⁊ uoloie plemuer ꝓleũr
131 2033 1445 2159 quons in mois uoꝰ seroit de malle mort morir
257 2097 1525 2201 Ire Rhy deugletere dit anthourez au coeur saipse
149 2155 1534 2256 Se mrrir uoꝰ me fttes uo mere le sauuant
179 2208 1263 2313 e uous ay ecouues q̃ble en baes eaine
163 2267 1428 2394 Pourchacera uo mort e uo cauel damaige
161 2313 1578 2458 his uault le malle fme q̃ lõme plann dongͣga
1010 2396 1654 2530 uni su hull logart
195 2403 1065 2520 est uorax che dist ly uis ag
161 2472 1254 2589 est̾a ly bous Risz a cheulx de liretant
172 2536 1364 2663 rdes celle putai poit nest de mõ paige
207 2592 1622 2732 ar cest ungz ãuemus Cau elle a au ter le Raige
197 2663 1364 2794 Cõtes de clochestre q estoit de bel aid
174 2720 1290 2865 egarda le Rine qui fut en let suaige
158 2792 1394 2927 Quis adit coiemt̃  dieu dame Ramaige
179 2852 1474 3072 iai uoꝰ se po de ffait qr motte le ehssange
