3104 4140
108 839 1491 947 es arifz a fait drechir pour luy argoser
103 903 1115 993 enes parlel alun se fages̾ aporter
110 938 1221 1055 es cles de uo gastiel a heurn de lurer
119 984 1352 1110 t se saits uo corpl ⁊ uo gent ordemz
108 1023 1497 1170 dour recheuoir baptestue ⁊ no loy demander
119 1152 167 1214 10
361 1074 1447 1205 non han sire il uous feront fuier
112 1150 1196 1265 ⁊uo sastel abastre ⁊ uo tour Reue
1217 1184 1442 1258 a leuer
105 1214 966 1322 Quant ly gaians leditent Ce
121 1248 1410 1373 emessagier regarde moult se pot arguer
105 1334 692 1428 Loi courbon en brase
757 1320 1023 1393 uolt ses
1051 1276 1435 1377 enxo a lumz
105 1345 1428 1481 uis deplus quel hõme non ama aparler
103 1389 1375 1522 dar le uonque esqunoit ꝯme un pore sengler
1352 1432 1661 1545 Regarder
101 1449 1297 1577 ⁊ estraignoit li s densi esil deuoit de zue
807 1499 1102 1577 rt pomt
119 1527 736 1628 et quant ly mes le pot
202 1580 671 1683 ansist moult bien
720 1522 1426 1655 pre d la le ronge mer
115 1614 736 1734 Et ey haians cõmene hl
759 1582 1270 1697 fieremer̃ a parter
784 1644 1164 1752 ors esconter
108 1692 724 1805 et ddit a se gent er
103 1667 1364 1867 Iu felon marain que malion puist gheeuer
112 1803 648 1895 eui a uolut malion
720 1759 1067 1856 e lon acose.
964 1789 1495 1883 me ueul orsener
135 1856 796 1957 ⁊ me man de qͥuaine
144 1856 1396 2010 tque de ceste tour uerlle les cles luner
110 1971 731 2058 nes par mnalon me
791 1959 869 2030 Au
971 1934 1493 2012 que d Soyo ourer
126 1994 1157 2090 e mie lairoi ainchois osorrchiẽr
108 2003 1617 2152 Noult bien le quorriran detit men don doubter
119 2072 1493 2208 usine au defin du moude paroit cly demourer
115 2127 1461 2251 mis quil pouist me tour preudre meconquester
133 2212 918 2295 e quis par dessonlz terre
994 2168 1571 2260 ore qrant lioue alor
234 2233 1449 2352 sir partrois lieux ou me uoran touruer
138 2260 1564 2417 oit pour querre uidailde ou pout eux aceuer
133 2334 1382 2472 il me uoloit assir et groit chy demourer
147 2403 1267 2530 e lez yroy souuẽd en leur ost rema
147 2440 1491 2580 ire duent sy hõme ne uous deues doubter
138 2486 1550 2626 noult bion uous ar derons gens Rrestieutiatuer
1235 2536 1424 2610 erester
138 2555 1150 2670 uan des amuradini sans point d
144 2642 561 2704 eue uous m b
671 2571 1594 2686 orotis le moute dun souller
151 2633 1603 2762 ⁊ quil peult uien ioquier ⁊ uo corpa a uuarder
156 2693 1516 2806 ar uous yres briesment a luy par lemenles
138 2739 1617 2856 nee ẜ chesera du plet silue se scet unarder
149 2806 1283 2898 dont il douuerat amartire O liurer
142 2856 1375 2948 t se feren oussy poit le plua despite⁊
220 2907 1237 3003 c. messagier chy A brach du corp̾r
1286 2888 1440 2971 eper
193 2966 1127 3047 le nes du uiseigze pour luy
133 3019 552 3081 põi gueut gist
731 3001 1148 3063 eant mahon
1260 2948 1661 3061 s porler
138 3035 1343 3139 r le faites aisy sans prouit de la res
174 3065 1675 3222 uelil qui d mocen onseignus puist enprorter
