3104 4140
73 694 1518 823 et quenchois maicte paine en auray Recheue
71 768 1329 890 ors baisa ses enfans de cuer se reuertue
73 827 1288 961 dont sacoisa la dame car ly sõmel la gue
75 871 1332 1023 ing petit sen dormy le rome esleuer
92 945 1304 1090 ir trop estoit de cuer lassee ⁊ cõfudue
204 986 1514 1143 Esus le haulte roche con apelle constanches
243 1058 1658 1219 ui ore auon escoche le terre dõnouranche
78 1138 1461 1278 t nauoit onques ua eu gens de rreanclie
103 1202 1371 1343 e dame sondormy trop ot eu mescanche
92 1262 1449 1412 Ansy que elle dormoit une beste sananche
126 1324 1491 1472 Ie fu uns lous qui hors du uais se lanclie
98 1377 1612 1538 de monta sur le mout se uit le dame blanche
85 1444 1663 1609 ui dorauoit doncliement adot ly leus saur̃che
96 1543 1539 1683 enfant au brac saisy sans nule demorãche
110 1603 1679 1734 en clir bos repairoit uns hons sans beubanche
112 1667 1562 1812 uy de seulles auoit couuerte se sainb linche
126 1731 1431 1874 tot auo felis moult ot bõne ideanchi
105 1784 1702 1961 uant al parchut lenfant que estoit en balaiche
112 1883 1889 2026 due uy ieux euportoi rout sans faire Neuanche
103 1954 1762 2104 Noult sen esmerueilla puis dist sans a restaiche
108 2026 1465 2164 ly uray diru dist il quy le sainte lanche
119 2095 1847 2244 us ferus par longn pour nostre de liiranche
117 2189 1838 2313 et puis iy pois ritus prist de ta morc uerccharche
103 2267 1585 2401 are sy con cest uoirs et que q chy ay fianche
105 2355 1507 2477 ⁊nuoirs ache leut sy grande cõnoissanche
108 2451 1801 2557 Quil me laist cel enfant sans ly faire nusanche
147 2527 1815 2633 et diru que lesconta fist taint par sa poissanchie
133 2599 1882 2723 eue ly leus laissa cel douchel plain denfanche
232 2684 1785 2808 senfint uus eu hos ensement dieux auanche
220 2776 1638 2872 uolrnte des uous qui en uy ont fanche
253 2838 1746 2985 sor senfuit ꝰy leux que lenfant quoy laissa
172 2932 1638 3070 se nusse eus ou uos ⁊ le prendons a la
