3104 4140
1488 830 2793 926 kande fu le bataille expres deuant uourdiaux
1350 899 2894 998 De mors et de naures pot pluiseurs moichiaix
1332 954 2524 1048 qisses y oissies uinssmes ⁊ moniaux
1375 1007 2726 1108 etraient de saustels⁊ deupẽnes quariains
1357 1071 2703 1159 A ueissies issir de maint corps les uoiauo ¶
1375 1124 2770 1223 hos cheraliers boier leur plaics de bendiauo
1352 1177 2501 1271 et robastre y fiert aguifde donsiaux
1359 1239 2717 1343 Iussy fait ses ne puriyo que ot andi abriaux
1334 1306 2692 1391 Fois heuris benlentra pardessus les panans
1329 1363 2731 1444 y uns ua ferirlantre cõme preus et ymeux
1362 1416 2965 1506 euris ot un escoy dont bous fu lu contiamx
1387 1474 2807 1580 sern le cheual que tant est Nas et hians
1504 1538 3005 1644 mors quen aterre ln boux̃ chan Ros moriau
1288 1596 2910 1701 abel lu moult dolans mes lieury ly roiaux
1532 1658 2995 1764 uault pllidi ferio amũ se fiere elclcaux
1346 1731 2793 1812 n dstrier conquesta que fu fors et mmaux
1329 1793 2579 1881 auel le peudy etly adie dousiai
1320 1856 2685 1948 deuus est au Roy que uers uouefu coiaux
1327 1918 2768 2010 ses sõmes Nrencha pour uous les hate demy
1316 1975 2945 2083 douer che uous est pendus chus dest̾ demoisang
1442 2040 2894 2141 l che dist heuris pour lamour uosugneier
1392 2097 2595 2191 Aucs en depoet de le mortache pour
1304 2157 2956 2272 Ir uous dardes de moy car par saint sauueour
1306 2219 2696 2323 amais en uostre uie nares łamoy lamour
1316 2279 2774 2394 e uous ne cres endieir le digne recitoitr
1288 2346 2609 2444 dont Refiert abil a lon de uasseour
1286 2412 2726 2516 Et abel Resiert un eu leseut point aflour
1295 2479 2740 2571 Mes tout clie nyy uallyone feulle dau bou
1263 2536 2643 2633 Car oluy le soumst ly aois ¶tse fierour
1265 2599 2574 2688 Et i lenst ochis a dieul et a tristour
1270 2656 2924 2766 ꝑuant il pria merchy ⁊ dist par cranteenchour
1300 2718 2733 2822 ful creoit en ihũs du saint trosue maiour
1297 2780 2703 2858 nesily rois ses oueles en euist du piour
1290 2842 2586 2937 brs ẜe sauna heurus a le freq̃ coulonr
1263 2907 2892 3006 adout recõmenchierent un aueruilleux estour
1323 2976 2938 3068 auten pot de mors es cams surle uerdour
1350 3031 2945 3132 pargrant tas gisoient alle gent paiennour
1233 3093 2954 3247 Elt de cheux de nõ loy furent u mont hantoux
