3104 4140
234 938 793 1039 rant pee en od
904 894 1744 1018 ie cendement ꝑ louroit
89 975 1316 1094 ⁊lime la Rome cantost mander faisoi
1329 982 1438 1078 ort
105 1030 1182 1154 ne cripelains y. ua qui bien parle
892 1094 1035 1156 Iome
1265 1067 1433 1124 disoit
112 1094 874 1196 ioult hault le saluoit et
142 1097 1445 1258 i le uon apostole ou palais lez puidois
170 1150 1484 1306 quant e lame lot simplement respoudoit
257 1262 568 1340 amie ly ar
616 1205 1658 1322 Orre bien uemes chyendroi
142 1324 299 1409 ⁊ tost
354 1317 398 1398 ¶
616 1265 1705 1389 in prestres qui haultement ploit
131 1347 1387 1460 mes a lapostole Ie ne scay que che do
1106 1370 1698 1492 planu de yom foit
140 1423 947 1511 ouit uous uorte uon cuez
151 1435 1569 1566 out les uours Ra uosorpe uolentierem arleroi
140 1497 1463 1609 quant elmie lot gous uy sans sy suuoit
144 1538 1364 1662 lar sist ele en ly uiaux peres uenoit
121 1589 1488 1713 postol me mande oray fait malexploit
140 1651 1228 1773 me cõinstera fe moray or endloit
103 1676 1698 1835 nauxo dieux Ie te Requier que ly mieus corpl soit
124 1757 1352 1879 nn papes Rainses Rop qualement mroit
174 1807 1309 1927 ame la roine se doubtoit durement
163 1833 1412 1996 Eue ie bon apostole ton apeloit climuent
204 1918 1288 2040 re dafboit cõmist par son deisement
135 1961 1380 2088 ant ala la xoue qui de biautte resplent
138 2003 1504 2139 na la postole uint a dont moulthaultement
195 2081 1277 2201 mist an genous deuant luy enpñt
144 2178 476 2260 ains peris
515 2155 669 2242 dest
678 2099 1495 2217 elame a uo cõmandement
144 2224 621 2316 uy chĩ endroit
667 2164 1362 2277 uenne a sere uo talent
138 2212 1417 2369 postole respont uoureparles saigement
890 2249 1840 2387 our quoy eoꝰ aymande bgiesmet
246 2323 538 2401 ons dilc
186 2323 1527 2451 ar camps aronr a rõme qlente de uouues
121 2385 1431 2504 e piclie coy auchomn dutant a hardement
303 2428 1371 2559 uon Roy henzy ou engleterrapen
121 2486 1362 2619 nthome ergera clame ale corps gent
269 2582 517 2663 enris le
589 2536 1339 2645 ouse en droit mariconet
147 2564 1488 2725 uns gent engleterre le riche cassement
121 2633 1309 2769 aulre ostautmoole a en gouurenement
218 2668 1479 2815 uouray chy mande tout espreialmẽt
285 2730 1484 2861 uoys scaclius parler bien ainseemẽt
1134 2794 1435 2868 Nay men
1808 2829 1822 2895 ;
276 2808 1058 2925 ous souissies bien elame
204 2822 1711 2976 ly doy al oy quissant lont quise longuemet
418 2875 1859 3031 mescay le terme ne le caipar ensemer
750 2939 1698 3061 ner sy en sont mout dolent
211 3010 676 3100 le geuine xr
738 3001 1412 3118 re me ce leu noyen
167 3095 209 3201 x
292 3054 1576 3206 Rromoient ore le daie ieulemẽt
285 3130 1767 3286 nã seroient de luy et pour dieu Sidemes
