3104 4140
1583 542 1652 662 17
101 660 1755 804 Que mis ne uoist en lile meez tout ꝯuuualmẽt
101 724 1617 878 Sorent pardeclia ale pour uir le iugement
133 795 1500 929 re dieux quil auoit ache leure degent
149 844 1826 1016 her et esquier qui plourent tenre teureurent
115 922 1739 1078 Parmy londres le grout y auoit tel tourmẽt
115 979 1576 1140 Que sil touuast adont on ne loy noient
181 1041 1700 1205 ⁊ marie le bielle plouroit patrusement
119 1101 1769 1278 uant elle uoit le fu que aliue et esprent
400 1182 1543 1327 marie au fu deles le mersalee
220 1253 1486 1398 En uire ille de mer qui fuamrõure
149 1317 1507 1467 doit le su alumor et le flaine leuee
138 1396 1323 1524 agenons se ieta le pucelle sauee
96 1435 1709 1607 Oiques chũne parchoit quelle est esmengõuee
142 1511 1610 1662 dont a dit sorison sans nulidemouree
133 1566 1695 1734 Et puis se sest ycelle dedens le fu boutee
161 1708 243 1810 iii
253 1639 1654 1793 fois sengna quant che uint a leuker
147 1713 1723 1856 la endroit Ru la belle ⁊ arse et oubrasee
144 1784 1838 1922 dieux qua most reclieuoir fist une grant trire
138 1853 1849 1977 Deux samblanches deufans chest bien coseaueree
179 1913 1635 2051 eta on ens au fei de grande randounee
170 1973 1799 2097 he dieu cõme il yot mainte larine plourer
135 2035 1739 2173 maint quind yot batie mainte barbetre
158 2099 1831 2247 Rainte boirgoise yot qua terbe chiet pasinee
177 2171 1721 2311 Et mainte dame ossy qui ahault alenee
158 2244 1417 2380 Disoient par pite qruint e a le uolee
156 2309 1617 2456 Ny dame gardre heutieux atort estes fiire
149 2382 1806 2534 Onques sy grant pate ne fu mais regarder
154 2463 1702 2594 Eusement fu marre ens ou feu enbrasee
158 2534 1424 2679 lassus en paradis fu sen ame portre
163 2596 1815 2755 Sar par se dame fu agrant tourauent liiree
432 2688 1557 2822 st morte marie ale clere faclion
170 2753 1909 2895 Trestout chil qui la furent entoier et enuiron
149 2833 1746 2966 Sui doient moul cresbien de bon intension
151 2909 1555 3061 Eue chr fust le rome quielaine a auon
