3104 4140
131 685 1610 786 on our aloit le dame o moustier dame de
112 754 1341 837 Du ly eusant estoient des le matus ale
112 802 1458 880 Pour oir le senche du poy de magesse
126 837 1470 936 tlis oir causlpet estoit ly damoisel duer
131 885 1364 975 das par se courtoisie est uenus alantel
133 936 1387 1046 leut aidoit lepreffre le tuer auoit lettre
121 993 1141 1094 y heruntes lauoit apris et dꝑctram
138 1028 1237 1145 ⁊ sauoit du mestier toute lauctorite
108 1062 1592 1196 oien sy scauoit aydier bras que tantot de biaulte
140 1124 1263 1248 t ly hous aoproit de uonne uolente
126 1216 600 1308 priel le muesse
628 1189 1159 1271 quant on ce lebre
149 1244 1212 1350 lariande ꝓpella un sieu aunt prin
133 1274 1332 1414 mus dist clariande entendes menqrenser
126 1336 1134 1451 les ent uistement nyaies areste
138 1373 1495 1501 ares chrl deux enfans que mon palais pane
683 1462 1217 1524 efmy aire areste
531 1499 1974 1603 ips enfans Pengnent ꝯsmellemẽt tãt quau maix ꝑte
140 1563 1329 1655 et ehpeux arespoidua uostre uolente
131 1614 1231 1713 done sen est partis ny a paiẽ arieste
147 1669 1286 1773 restout remeremẽt ail brac apele
142 1711 1382 1819 amoisain che dist chieux or oire men pense
147 1768 1488 1874 ste dame uous mande ou tant adebonte
147 1819 1369 1922 m est dame maitressi de ceste grãt chite
161 1869 1424 1966 ne uous ueues aly en son palais qun
335 1911 1534 2019 cay pour quoy chest easy mest ꝯmande
149 1973 1235 2081 t bras ly respondipardebõnanrete
151 2026 1442 2143 ttes ale rome que dieux leusache glgri
131 2088 1665 2191 et que nous nrous potat tant quellraradisait
149 2141 1451 2240 cquant lious denteut pres na le scenoderis
133 2214 547 2293 dime part tri
720 2185 1486 2272 frore et lydisten pru
156 2240 1272 2334 re parcheluydien que tout a estoie
147 2288 1557 2387 loult uous uõy euremeude respondreainsi
181 2343 1327 2424 iu auel estondy a uost uostre uolente
147 2382 1398 2458 uler a cellideine que chy nous amand
179 2428 1520 2513 poir cancimi seruilr nous aroit tos dẽne
147 2479 1408 2557 utrestout ue muais series uous demore
133 2525 1219 2610 men ke ⁊ opalue sy aries a plenti
239 2571 1366 2649 ha⁊ et ueansson ⁊ uis uin ut clare
167 2596 1479 2693 u tel cose estordist na pãs li muersain
213 2649 1534 2741 doit adies pout prendre et yueret este
204 2707 1217 2785 lus richu de luy dunoue et cariti
209 2734 1596 2842 ant dist nons abras quil sala et acordant
197 2792 1373 2893 alor acsriade ou palul Reluisaut
184 2826 1817 2932 lle part ro dre chierent les degres uout montant
154 2911 674 2969 le pine uryen
754 2884 1470 2955 ue le sorps ot plaiscurt
170 2909 1803 3056 uant percqut les enfiuis bien les uasestiant
