3104 4140
1224 692 2733 798 Par pour sen non estoit loa boulongne ensy clamee
1208 742 2517 850 Mhy uolus auoit moult le le chiere deffaet
1212 800 2572 908 Et estoit sy tres grant chest uerite prounee
1208 857 2620 965 Quil auoit bien .u. pies de lonc en lesquinee
1212 910 2487 1016 Not plus felont gaiant iusque en galilee
1219 975 2537 1067 Et ly fors pois henril et se doeut Redoubtee
1205 1028 2487 1124 Est sier terre armes le nauie est autree
1191 1092 2411 1182 Ies barons apella amout grant aleuee
1203 1154 2498 1239 Seidoiour che dist ly rois ot oies me puisee
1212 1216 2517 1299 bechy une chite qu uoulongne est clainee
1263 1276 2533 1363 a un roy dedens de moult fiere põmee
1203 1334 2393 1423 pois uolus a auon clpo tent celle contrer.
1205 1396 2551 1478 Coutre luy ay eut mainte fois geant meler
1221 1446 2501 1531 Et auans cheriet eisamble mainte auee
1270 1504 2634 1591 uous pry pour dieu qui fist chirl et rouser
1205 1561 2774 1649 Eueu chois que nostre grut soit plus auant alee
1198 1616 2595 1708 Gait encõtre chi poy nr̃e forche esproinet
1210 1674 2620 1770 Sar ie me doubte moult par li uertu lore
1210 1750 2434 1816 Cue quant A sruera la mare deseuerer
1217 1796 2567 1876 bue deuers engleterle uait se uoie tourure
1214 1851 2468 1945 polentiers en aroiele ꝙ la che descombrer
1208 1915 2581 2010 Et chil ont respoidu se soit cã uous agree
1208 1968 2772 2072 uers le chit de boulongne ont lrir uaie tourner
1212 2033 2531 2139 Et quant bolus en sent le uerite prouuee
1214 2180 2365 2258 pl mule turs de mule gint doruer
1332 2106 2625 2205 ist ses corps uondu ⁊ se deut sestarmee
1196 2217 2777 2313 uuireit au pout de brique pour deffendre lentrer
1214 2281 2597 2375 ia nous sera bataille moult fiere recordee
1203 2348 2434 2451 La oy mauit sodoier et la teste cau pee
1233 2410 2763 2495 eigneur de dens boulonge che no dist ly escips
1341 2477 2678 2550 sterentt chil dengluteust ⁊ leur skres henrisz
1201 2518 2542 2599 rui estoit corageux baux courtois et hardisz
1205 2578 2586 2674 Ieles le pout de brigue Illurcquos iu estallis
1198 2645 2574 2743 n courois de seiz hd̃mes et de tous ses subas
1191 2704 2259 2796 Dautre part fu bolus qui sestoit a astis
1198 2771 2429 2858 Pe defsendre boulongur ou il estoit seruis
1194 2829 2471 2932 ꝑcõmeutler lestour fu goans ly poirnais
1231 2872 2583 2992 rande fu le bataille ⁊ moult fiersly estrips
1281 2953 2625 3061 ame part et daulkre en y ot moult doctis
2399 3401 2908 3544 ¶ren que uien
