3104 4140
1102 763 2441 850 Dues il auoit en flandres un selon baisour
1120 816 2459 915 dui estot souuerains de le ferde donnour
1086 883 2521 970 Point ne Reoit en dien le pai en ache iour
1086 933 2544 1025 Ires parle Roy heury rulout au sauueour
1141 986 2758 1092 qui auent ẜ saint anchoine y fist maont grant estour
1102 1041 2432 1150 Eusy que uoulores Recorder sans petour
1104 1108 2602 1202 or cõmeulli cauclion qui est de grant ualour
1111 1200 1159 1313 e
1233 1166 2459 1262 pite et de pie ⁊ darmes et dameure
1267 1219 2611 1313 igiriar celle matere est prounee certaine
1293 1262 2804 1375 ue le bon roy geurn se mist ui moult grãt paine
1097 1320 2765 1435 De exancher le loy dedieu que est la souueraine
1136 1389 2627 1497 l prist un mesager se le le Ramist elaine
1102 1451 2526 1554 Poir R proire et couter le bataille grename
1138 1504 2468 1605 Eta quil auoit conquis celle chite haultame
1152 1561 2671 1678 puis sest departis le sien peugle o luy maine
1141 1619 2735 1734 Et ly mes oullre entre mez qui est drande foutaine
1136 1681 2450 1782 Tant sincla et qra cest bien cose certame
1132 1722 2678 1839 Qua londres est uenus que de merf nest lontamne
1132 1782 2485 1892 Rus ou palais tonna le noble castelaine
1120 1837 2606 1948 Que plus est coulouree quescarlate negrame
1129 1888 2565 1994 Et ot blauche le char alus que coton ne lame
1134 1941 2388 2046 lauoit sy uelli dame dessy ui aquitamte
1118 1996 2673 2109 Et ly hons nressagiers tant ly siens corpa sour maine
1120 2056 2503 2155 Qua le rome uint qui st douche et limaine
1150 2109 2250 2208 dont le salua de les uertu hantame
1145 2159 2280 2274 e lestre ly moustra ⁊ le Roine same
1129 2208 2294 2323 Oconte de clochestre ꝯ ot fait capitame
1155 2279 2434 2382 Et lieutenant du roy en le teria toutaine
1120 2346 2443 2454 Pailla taus cantost li bries le Roytit tertan
1125 2403 2326 2513 Et ly contes en fist pour lire le demaine
1132 2438 2485 2569 Euant ourent le fait cõment le gout uilame
1155 2511 2404 2631 estoient muis afini de male mort sandaine
1122 2566 2462 2681 Dout loerent cheluy qui nous ieta de paine
1134 2622 2733 2732 Et qui pour nous rechut le truris mortgrenaine
1127 2681 2445 2789 Ellt layue le royne de grant ioie se samne
1134 2727 2646 2852 Et le mert du rox que moult estoit malsaine
1132 2796 2547 2907 Honneroit par faix tours le dame souuiraine
1115 2847 2563 2966 Aunit et iour lui estoit songnensement procliains
1357 2893 2705 3019 mere au roy henrꝰ que magnerite otanon
1127 2946 2459 3095 L hannera moult elame a le clere fachon
1141 3015 2590 3160 Et estoxt nuit et iour en geront deuoilpasion
