3104 4140
1309 763 3009 871 Enant ly auuos Raros la cha saquirt furet ly brãc
1705 752 1930 804 fraires
1341 844 2655 942 Espres ⁊ espois dont lachier fu lui sant
1304 917 2722 1021 lõmers ⁊ machues ⁊ gloues poignans
1336 986 2929 1099 De quoy en le caupaigne uout lun lantee occiant
1336 1055 2768 1159 n Riches rois lieuris ua par lestour tourant
1318 1127 2756 1244 Et portoit une lauchie a un fier Relusam
1293 1207 2676 1329 Bon fiert aie Roy paron du pais alemant
1327 1283 2632 1414 Armures que il ait ne ly furent garant
1327 1363 2556 1472 le cuer et le põmont ly uãtrenchant
1316 1426 3037 1547 mnort le Rresbuca atierre du destre ⟦ Remuant
1311 1506 2841 1623 Puis fery le roy dinde que fu de fier famblont
1311 1589 2664 1706 Oe lesqpee qui ua hors du fourel saquant
1327 1672 2786 1775 Ie teste ly pourfent mort le ua tresbucant
1323 1745 2699 1860 Entre pan en se fiert sensengne ualriant
1311 1823 2595 1945 Et ly sains apostoles aocis un soidant
1323 1906 2747 2021 Onques not lapostole en che siecle uinant
1320 1982 2434 2095 Euencontre sarasin fest fesist det
2618 2023 2963 2113 mee tane
2726 1971 3025 2037 manss da
1320 2058 2793 2178 Eõmne fist sains climens on le Rroure lisant
1493 2136 2975 2235 eignenr paz deunt rõme la myrable chite
1472 2208 2590 2300 y õt acheluy iour telle mortalite
1320 2274 2901 2385 Que des mors sout couuert et ly camp ⁊ lu Ire
1332 2357 2855 2474 Dain se sont ly rõmain et ly englet mroune
1362 2442 2942 2548 Ie uous le roy butor moult richement meutt
1350 2523 2655 2628 l portoit un fausart Renchant et affile
1316 2615 2811 2718 ua consient ke rtien tant eust le corps arme
1334 2695 2611 2803 Eui ne iy ait parmy et fendu et cope
1341 2783 2705 2893 hauoit plus fier paien en le paienete
1352 2858 2871 2983 Oe nostre gent y amort a sy grant plente
1348 2932 2977 3047 Fue par luy sont ly no un petiltreil Recule
1359 3015 2705 3144 doelle le roy heny sen ce ocle aer yre
