3104 4140
1421 899 2722 1009 Qui ly Remaint e lame qua londre espousa
1359 959 2616 1060 Er aproche le terme que Il le trouuera
1491 1030 2768 1108 iguere or enteudes que deu uous benoie
1438 1067 2745 1156 gulorieuse canchon qui doit bien estre die
1378 1113 2703 1214 dauent leroy hemy al toui Retrouuera sannẽ
1394 1168 2508 1255 Elame le cointoise qui tant fuenseigme
1424 1219 2643 1315 aut chenancha heury a lechiere har du
1405 1274 2712 1363 t ly uou pois authomequi tant ot seignoirie
1412 1317 2653 1416 et ly bous archeuesque que Iqus uenaie
1433 1370 2528 1467 turisses et maran et lautrebarõme
1410 1412 2701 1513 aut uout quil sont entre en touram lantie
1369 1472 2524 1559 Il sont uenu a tours celle uille garme
1352 1520 2761 1607 Pieu que le poure gout su de cuerlareleechie
1424 1577 2843 1655 uant sceurent que marsinis Reuut en leur partie
1403 1621 2560 1708 et dient lun alautre dame sainte mane
1348 1676 2544 1759 pourere nauerons Iamait qour ns uie
1355 1724 2814 1826 Oo me que Rauona martui qui noua fait egrant aye
1412 1773 2475 1872 ⁊ lame le courtoise a le nouuilli oux
1447 1835 2777 1918 ne martuis d reuenoit et en Ie õpaignie
1421 1885 2733 1973 a lu Roir den gliseri qui tant ot seignoitre
1440 1936 2618 2030 Ay boue rois authomce ale chiere hardie
1428 1996 2655 2083 Aeux dist le rome cor ne consentel mie
1403 2060 2406 2134 Rue uoie Raiser dõme qui soit enme
1403 2104 2669 2194 ar se ly cois me trent dont se san necherie
1408 2164 2588 2249 epunis bien esperer quen feu seray brine
1408 2210 2616 2311 ont uienuet ly purier en le chite hamie
1362 2249 2825 2366 Fui querquant uout le uille tout pormy le canchie
1336 2313 2717 2417 Preu sant uoult les auteux pour le cenalerie
1415 2387 2333 2467 uant elame len uoit aoignie
2475 2362 2701 2435 mch ie
1366 2415 2604 2525 deriere en son ostel con ne le scaiche mie
1622 2486 2473 2585 ly g dit que Ihuis malau
1415 2530 2549 2640 Aull parane foy ie suy trop esmaie
1405 2592 2774 2691 dont quoy uoue d Respõnes et ore ettant de fie
1410 2654 2745 2748 uant gent estraigne uienẽt trop estes courechie
1380 2707 2583 2812 e croyque uous aues este par foy bame
1346 2764 2685 2865 ꝑanaun pait ou uous aues fait ⟦eegreuerie
1348 2812 2970 2925 Pour ment ne neꝑ uoui fu pas pcestrauain creuchie
1424 2886 2820 2980 le fu par un lenchin dont estes enthequie
1458 2939 1585 3017 Rol
1375 2994 2600 3079 Ei eleur Respont uous pales de folie
1610 2948 2657 3033 son uour tenot uous series enfoi
1352 3061 2570 3144 Car onques lorchin ie ne fis en me ui
1357 3095 2830 3190 pout qloura Ieuremeit et de ses poux larime
1350 3167 2678 3270 Pisant soul qhũcrist qin deddeno betamir
