3104 4140
1283 533 2878 614 Et uous pry et ꝯmant quant eutree en le mer
1263 584 2620 660 Que chiens uoua uenes auene moy oste ler
1249 623 2404 699 Gdray de mon onfant le uerite cont
1244 671 2947 754 Et quant le uoul Ruerres sur san uoui qruia purer
1240 715 2560 818 Que sy ache ioiel ie uous uoray dẽner
1240 784 2975 876 Rue tous les iours du monde uous poures uñ uãter
1244 841 2613 922 QQue cascun an pores despendre et alouer
1231 896 2501 982 .I. florms dor dont uous feray Ruter
1382 942 2613 1037 esachier dist la dame oyes que ie diray
1228 986 2756 1101 chy uous partires sans faire nul delay
1329 1058 2696 1154 ⁊ yres droit arõme et ie chy de moran
1249 1117 2648 1225 la croueres men sil que tanta le cuer uray
1348 1184 2602 1283 puis reuerres chy ne soirs en esmay
1235 1242 2676 1354 Re me sares a due de men fil aucuergay
1329 1299 2855 1414 t uous soies certains que biaudon uous donray
1240 1366 2630 1478 Dame dist le msaie ne soieten estinay
1242 1421 2761 1540 Ear iamais dedens londres Ie ne retourmray
1249 1504 1932 1598 Eant quaray chy es
1946 1488 2600 1563 e et se uo nõmeray
1274 1540 2653 1655 Che quely rois dira Ie uous recorderay
1254 1598 2485 1734 Ales dist la rome chy uous entenderan
1231 1669 2715 1789 Uour che qui uous souuenchue Ie uerus a coleray
1263 1731 2634 1858 le uarlet a colla que fais sans faire de lay
1302 1803 2705 1915 est entres en le mer ensy que uous cõteray
1272 1862 2524 1971 la passe leschse ⁊ bruges et courtray
1260 1920 2551 2044 EEt puis isuellencert est uenus a tourisay
1249 1982 2777 2099 ualonchiennes passa puis sen ua uers cambray
1355 2063 2715 2157 ar le terre de gales cheuancha sansesmay
1288 2129 2623 2219 e coutes ses ieurnees ne uous racõteray
1366 2191 2604 2283 uncten Rẽmeme rissy quaun my may
1385 2260 2781 2350 R seruale nresagesz que point nese targa
1283 2318 2639 2408 il respassi les mons etles uans a uala
1221 2378 2705 2465 Uour aler en uers rõme duretuout sesploita
1251 2440 2586 2541 La su ly Rois heuris denglecerre de cha
1247 2500 2542 2587 Auenques lapostole que durement lama
1074 2603 1224 2787 sons
1256 2562 2604 2665 Sar la chite de rõme soigneuse garda
1249 2617 2705 2730 quoult soumnet issoĩt iet les paurns greua
1240 2681 2455 2785 Mes tant uet de turs en son pais dela
1251 2741 2646 2838 Que le chiite de rõme formont segesauaia
1265 2794 2556 2893 dn Ioedy matim ly rois lieoris sarma
1270 2849 2648 2953 la uestit haubert le uert clt elme laissa
1258 2911 2551 3012 Aune dist ly roys bien ait que uous porta
1258 2957 2728 3054 Et heneis soit ly pereiz que uo corpsongeura
1244 3006 2843 3118 Dar onques mais ou sieele plus belle ne rẽna
1217 3063 2586 3213 t Et apris le blason ꝑ le samblanche laissa
