3104 4140
1295 984 2761 1087 De pois uous be laissoie che seroit mauuaistie
1300 1044 2772 1138 Ouux uous Reine les birus que manelppnte
1382 1092 2602 1191 uant la mere alexis uit ꝯ uowoit tolir
1348 1143 2800 1244 i son seiguera a dit par deul ian grant desoit
1364 1207 2820 1304 e herbegier chepoure que daeuprason ꝓ laisir
1313 1253 2595 1357 Doint a mog ẜl coraige quil ueulle Renm
1343 1320 2427 1393 ors a sis ale pis ason poere Gregfmor
1334 1336 2696 1458 uostrẽ ostel me prõstes sire pahatement
1329 1384 2703 1515 Pessoulz uostre deggre que du palais dffent
1355 1455 2503 1550 fans homs me ueul couchie᷑ atabeut
1371 1494 2793 1607 ar Ie suymoult malade r plaicħ deufermete
1339 1557 2600 1665 Iu Relies me cõnes quant on ara distie
1463 1616 2526 1724 ie prray a dieu par bbne uolente
1352 1655 2712 1775 lue uostre sil ramame quaues tant desire
1316 1697 2917 1830 ꝓprendon che dest son pert ne uous chautt desuuer
1431 1775 2450 1876 ce feray asses ⁊ pan et uin dõne
2478 1798 2715 1883 uichie
2441 1823 2478 1881 et
1369 1842 2264 1925 et en me mestre cambre te fi
1318 1837 2922 1996 Qui dieux ueulle monfic alexis qur tg herbes
1463 1943 2577 2037 tost cõme la auerc oy lõmer lenstant
1364 1991 2832 2104 delangoisse quelle or ua ses puine de tordant
1329 2046 2795 2148 Ale pis en ot pite mai nen fist nul samblant
1387 2109 2765 2219 ai il se doubtoit moult con alast Rauesant
1442 2162 2949 2277 mi urais dierps dist Il que que et souuiraneperis
1318 2235 2768 2327 Iõme chest grant a mour que de pereet de mere
1290 2290 2774 2389 Sil me Recõuissoient ienteroie en qrant haire
1382 2355 2708 2435 dout a ditle conte a sa uou quil ot clere
1332 2401 2963 2507 Il me fault un sergant pour gardez chopaantir
1463 2461 2641 2562 roy quil est malades de Repoiͬ a mestier
1394 2520 2496 2612 iu le me gardera il ara bon loier
1313 2566 2680 2674 Paus tant quil ly faiche tout a son destriez
1359 2631 2643 2723 qua escuiser ade Ie men uieng en pus
1369 2679 2945 2780 e le gurderay uien, non pae pour uostre argent
1357 2748 2864 2835 pies pour uostre chier sil que ia moieforment
1346 2801 2673 2886 seai au uonz pumu: Su tout a son talens
1336 2849 2671 2948 Ache mot est le coute en le sale monten
1323 2898 2740 3008 pon fil ⁊ le sergent sont en le court engres
1350 2955 2630 3070 qllexie by dist quantgreres merdeues
1343 3019 2954 3141 Ie uoud plie que Ie soit soulbz les degres menes
1355 3098 2664 3194 se sergent alexis soubz le degres meua
1316 3144 2867 3275 Des gres en yaue cande doulcement le lana
