3104 4140
1587 588 1665 710 15
124 664 1495 779 Que les felons Paiiens padeurent affaloit
133 747 1212 853 alxspre trenchant sarazin occisoit
119 798 1451 910 Iambes pres et bras ⁊ testes leur copoit
142 853 1585 970 Et uous le crdinal qui en hault leurdisoit
121 922 1652 1030 Pire pois dengleterre oyes que on uous diroit
138 984 1670 1087 ious auons un mesage qua uous parler uoroit
147 1046 1606 1143 dui de uostre moullier nouuelle conteroit
140 1104 1569 1207 Kar il est dengleterre uenus ycy endroit
133 1173 1684 1276 Et quant heury lentent grant ioie demenoit
117 1228 1698 1331 Pa soure ihũlaist que hault sirt et lons uoit
126 1294 1486 1391 Ches nouuelles ychy a paiens conteroit
243 1352 1824 1460 y es fu ly rois heuris quant le nouuelle entent
232 1421 1746 1511 Entre parens se siert moult uertueusement
142 1483 1711 1566 poir lamour se moullrer elaine o le cerps gent
188 1536 1569 1635 fiert iy gentieux rois bien et hardiement
163 1586 1826 1706 eestrie engleterre quanques il puet plainement
135 1734 1419 1835 pren ensist descousist celle paieuue gent
131 1784 1474 1890 Mes il auoit desir et sy tresgrant talent
138 1842 1716 1959 Descouter les nouuellesz sen moulierocorpsgoit
149 1897 1560 2012 duil a laissa le bataille entre luy et se gent
151 1957 1665 2067 Et reumt dedeus rõme obon pape climent
151 2026 1348 2145 sapostole la cole ⁊ ly dist donchement
140 2099 1764 2210 Diaux fieux iay un mesage de uostre tenrment
124 2168 1532 2270 Poui de uostre moullier uous dira lesrement
119 2228 1633 2332 pains peres dist heuris ie le defir forment
135 2277 1734 2398 Eufement quẽtreaux deux faisoient parlement
202 2341 1484 2463 uous le me sagier sans nil a tardgement
142 2366 181 2449 ¶
131 2412 1260 2525 Qui salua heay ase uois clerement
312 2486 1654 2564 ist chieux dame dieuxa qui le monde apent
142 2539 1394 2633 Et loiselit polant ꝑr le mer ensement
135 2592 1539 2691 Qui estora le chiel lepleuue ⁊ li u uent
144 2649 1251 2753 iil garisse le roy qui tant deusient
138 2711 1520 2812 Et le bon apostole Restout prenuerement
138 2766 1778 2872 auus che dist heurilz dieux tegart de tourment
135 2824 1698 2914 Tu yes de mon Roiame siques men cue entent
135 2865 1705 2969 auus que fait claup mafaine a le corplz gent
128 2923 1852 3052 dire che dist ex mesages Ie uous feray present
