3104 4140
117 802 1555 949 Sy Rademẽt le fiert de se faux acheree
163 878 1580 1000 aruures con ot ye pot auoit ouduree
108 942 1514 1048 o gent ua Recilant demy abalestree
117 993 1640 1108 diouque le Ry heury en ot le chiereyree
121 1062 1553 1177 lu riche Roy anthoie ale chose moustree
147 1110 1537 1219 t o bon roy constant quitant ot Renõmee
110 1152 1709 1292 deigneur che dist ly rois uechy poure p̾me
128 1225 1665 1357 d̾ Iqucrist ne peuse qui fist ghiel et Rousee
108 1294 1518 1412 Ppour duy ne arous ne gisgg ne duree
1090 1338 1580 1435 fant achiree
115 1375 950 1472 par ly rois ardendoures
121 1384 1656 1531 ua faucant nostre gent eusy querbe plantee
115 1449 1569 1586 ius ne lose aprochier duneglaue acberre
117 1511 1560 1642 ⁊t dist Wyt pois coustant a le chiere seuee
119 1552 1693 1722 r me puist dieux adier et le uiergeloee
128 1628 1647 1754 ar encoutre che ray ert me forche effare
131 1711 1534 1826 lon feres Sist heuris uoꝰ ny aries duree
181 1784 1534 1881 seray Sist coustans a le uraclie quorie
128 1856 1527 1945 ont se signa iͥ fois de le uirtunõme
124 1902 1580 2012 Et puis se departy sauoit ou puing lespee
131 1964 1389 2070 e breche le cheuai d telle radõnee
135 2040 1679 2125 qine uient us sarazins qui nogent out ture
138 2095 1732 2194 mã que se faux ly fust pour feri a saprestee
144 2152 1514 2260 e ua seri constanit a qui prouesse agree
154 2224 1350 2323 fienir le cuisa sur le coste doree
138 2288 1525 2382 Nes ly cos auall entdutre ual lepree
140 2355 1438 2451 ꝑuon courant destrier ale ceste copee
135 2421 1797 2525 deuuourc est quens mes tost est lelei Releurr
163 2507 1451 2585 encourse le faiyo qui estoit acheree
126 2543 1468 2647 Et iure mahõmete ou samour adõnee
121 2605 1711 2723 len cheual uengera auis que soit lainsppece
209 2674 1746 2799 oult fu Rois ardenbourt courouchies et yres
174 2743 1654 2854 De che que Ies cheuaux estoit ainsi cues
172 2808 1560 2937 e grant faux estorie aessy ꝯsoie bles
170 2881 1654 3015 e cheual astant fiert qui fretrois comõnes
172 2985 1573 3072 out enfaucant ly a ley n pirs copes
158 3038 1629 3176 y clieual est queux ⁊ ly rois est tumes
