<?xml version="1.0" encoding="UTF-8"  standalone="yes"?>
<PcGts xmlns="http://schema.primaresearch.org/PAGE/gts/pagecontent/2019-07-15" xmlns:xsi="http://www.w3.org/2001/XMLSchema-instance" xsi:schemaLocation="http://schema.primaresearch.org/PAGE/gts/pagecontent/2019-07-15 http://schema.primaresearch.org/PAGE/gts/pagecontent/2019-07-15/pagecontent.xsd">
  <Metadata>
	<Creator>escriptorium</Creator>
	<Created>2025-10-15T20:24:16.134632+00:00</Created>
        <LastChange>2025-10-15T20:24:16.134666+00:00</LastChange>

  </Metadata>
  <Page imageFilename="620416201_MS0742_0766_0107B.jpg" imageWidth="3104" imageHeight="4140">

    
    <TextRegion id="eSc_textblock_92a0f8b5"  custom="structure {type:text;}">
      <Coords points="1470,883 2763,910 2818,984 2800,1147 2892,1177 2913,1223 3039,1251 3039,1285 2873,1315 2883,1478 2827,1534 2747,1543 2680,1637 2680,1708 2855,1757 2864,1837 2809,1895 2763,2051 2791,2196 2671,2355 2653,2555 2791,2566 2846,2612 2754,2741 2754,2996 2837,3045 2894,3173 2956,3183 2947,3226 1378,3245 1415,929 1470,883"/>
      
      
      <TextLine id="eSc_line_8ec2f89b" custom="structure {type:default;}">
        <Coords points="2756,910 2740,908 2733,908 2710,908 2687,908 2664,908 2641,906 2618,906 2595,906 2572,906 2549,906 2531,903 2464,910 2448,910 2436,910 2381,901 2365,901 2342,901 2328,899 2275,908 2273,908 2271,908 2218,896 2204,896 2181,896 2174,896 2165,906 2135,896 2135,896 2112,894 2089,894 2075,894 1992,906 1992,908 1932,908 1932,906 1914,892 1905,892 1898,890 1824,906 1820,906 1813,906 1698,892 1695,892 1693,892 1691,892 1675,903 1635,887 1633,887 1631,887 1629,887 1601,903 1571,887 1569,887 1472,887 1470,887 1468,887 1465,887 1451,894 1445,901 1445,945 1442,968 1594,975 1596,975 1599,975 1615,970 1631,963 1652,970 1679,977 1682,977 1684,977 1686,977 1688,977 1688,975 1695,970 1702,963 1757,970 1810,975 1813,975 1861,970 1895,965 1900,970 1909,977 1909,979 1912,979 1914,979 1916,979 2089,970 2098,970 2100,970 2116,982 2119,982 2121,982 2123,982 2126,982 2158,970 2165,968 2172,970 2197,982 2199,982 2202,982 2204,982 2236,970 2241,968 2241,970 2252,979 2252,982 2254,982 2257,982 2445,984 2448,986 2740,986 2740,984 2742,984 2777,970 2779,954 2774,931 2756,910"/>
        <Baseline points="1445,945 2779,954"/>
        <TextEquiv conf="0.9785427044077617">
          <Unicode>Len poere et son mary ⁊ se donchee portee</Unicode>
        </TextEquiv>
      </TextLine>

      
      
      <TextLine id="eSc_line_05a0b0e8" custom="structure {type:default;}">
        <Coords points="1433,1000 1431,1018 1470,1032 1472,1032 1474,1032 1603,1021 1615,1021 1619,1021 1668,1035 1670,1035 1672,1035 1935,1025 1937,1025 1939,1025 2121,1039 2123,1039 2188,1028 2222,1041 2225,1041 2227,1041 2358,1032 2450,1044 2452,1044 2560,1032 2632,1046 2634,1046 2807,1032 2809,1016 2809,977 2788,965 2786,965 2784,965 2781,965 2779,965 2754,977 2586,977 2572,963 2572,961 2570,961 2567,961 2565,961 2501,975 2386,961 2383,961 2266,972 2261,972 2248,961 2248,959 2245,959 2243,959 2241,959 2114,970 2109,970 2105,970 1988,954 1985,954 1843,968 1829,968 1824,968 1803,952 1801,952 1799,952 1698,952 1695,952 1693,952 1691,952 1677,965 1675,965 1599,965 1599,963 1585,952 1585,949 1583,949 1580,949 1578,949 1433,961 1433,1000"/>
        <Baseline points="1433,1000 2809,1016"/>
        <TextEquiv conf="0.9744669808582826">
          <Unicode>ses enfans sne cõguei ccest uren coheaueree</Unicode>
        </TextEquiv>
      </TextLine>

      
      
      <TextLine id="eSc_line_8b3d579a" custom="structure {type:default;}">
        <Coords points="1445,1060 1442,1081 1571,1097 1573,1097 1721,1085 1764,1099 1767,1099 1769,1099 2070,1087 2312,1101 2314,1101 2317,1101 2346,1090 2386,1104 2388,1104 2390,1104 2699,1090 2701,1069 2694,1018 2671,1030 2620,1018 2616,1018 2613,1018 2611,1018 2609,1018 2586,1030 2572,1018 2570,1018 2567,1018 2565,1018 2563,1018 2560,1018 2526,1030 2367,1018 2340,1018 2337,1018 2335,1018 2333,1018 2314,1028 2307,1018 2305,1018 2305,1016 2303,1016 2300,1016 2298,1016 2296,1016 2294,1016 2289,1018 2277,1028 2211,1021 2174,1016 2172,1016 2144,1021 2096,1028 2084,1021 2077,1014 2075,1014 2073,1014 2070,1014 2068,1014 2043,1021 2020,1025 1967,1021 1898,1014 1895,1014 1893,1014 1891,1014 1891,1016 1884,1021 1879,1028 1783,1028 1767,1021 1739,1011 1737,1011 1734,1011 1732,1011 1730,1011 1718,1021 1716,1023 1707,1021 1670,1011 1668,1011 1665,1011 1445,1021 1445,1060"/>
        <Baseline points="1445,1060 2701,1069"/>
        <TextEquiv conf="0.9837576655241159">
          <Unicode>Mes liemry le uot Roy dengleterre uelee</Unicode>
        </TextEquiv>
      </TextLine>

      
      
      <TextLine id="eSc_line_362f4118" custom="structure {type:default;}">
        <Coords points="1445,1120 1442,1140 1635,1156 1638,1156 1741,1147 1760,1159 1762,1159 1764,1159 1767,1159 1838,1147 2038,1161 2040,1161 2158,1152 2172,1163 2174,1163 2176,1163 2179,1163 2540,1156 2563,1168 2565,1168 2567,1168 2747,1154 2749,1131 2742,1087 2692,1097 2526,1085 2455,1081 2452,1081 2450,1081 2441,1085 2420,1097 2342,1097 2333,1083 2330,1081 2328,1081 2328,1078 2326,1078 2323,1078 2321,1078 2319,1078 2317,1078 2312,1083 2300,1092 2241,1083 2204,1078 2202,1078 2179,1083 2132,1092 2075,1092 2066,1081 2061,1078 2061,1076 2059,1076 2057,1076 2054,1076 2052,1076 2029,1081 2004,1087 1978,1081 1967,1078 1965,1078 1962,1078 1960,1078 1958,1078 1958,1081 1955,1081 1946,1090 1912,1081 1884,1074 1882,1074 1879,1074 1838,1081 1787,1090 1737,1090 1725,1078 1716,1071 1714,1071 1711,1071 1709,1071 1707,1071 1684,1078 1665,1085 1652,1078 1635,1071 1633,1071 1631,1071 1445,1076 1445,1120"/>
        <Baseline points="1445,1120 2208,1136 2749,1131"/>
        <TextEquiv conf="0.9614817937215169">
          <Unicode>E Et le uon lroyant hoire qui lauoit engeuree</Unicode>
        </TextEquiv>
      </TextLine>

      
      
      <TextLine id="eSc_line_c329f6b8" custom="structure {type:default;}">
        <Coords points="2169,1136 2167,1136 2165,1136 2162,1136 2114,1150 2105,1152 1997,1152 1994,1150 1985,1140 1985,1138 1983,1138 1981,1138 1978,1138 1930,1147 1919,1150 1916,1147 1898,1133 1895,1133 1893,1133 1836,1133 1833,1133 1831,1133 1829,1133 1813,1147 1808,1152 1774,1152 1769,1145 1757,1133 1757,1131 1755,1131 1753,1131 1751,1131 1748,1131 1702,1145 1691,1147 1670,1145 1587,1131 1585,1131 1456,1140 1456,1177 1454,1193 1578,1212 1580,1212 1709,1198 1817,1214 1820,1214 1912,1202 1944,1214 1946,1214 1948,1214 1951,1214 1969,1205 2284,1219 2287,1219 2289,1219 2291,1219 2314,1205 2367,1219 2369,1219 2372,1219 2519,1202 2521,1182 2519,1156 2450,1138 2448,1138 2445,1138 2372,1154 2367,1154 2349,1138 2346,1138 2344,1138 2342,1138 2340,1138 2305,1152 2300,1154 2208,1152 2192,1152 2172,1136 2169,1136"/>
        <Baseline points="1456,1177 2121,1191 2521,1182"/>
        <TextEquiv conf="0.9804683566093445">
          <Unicode>Rõgnu uien le rrome dent fu effrai</Unicode>
        </TextEquiv>
      </TextLine>

      
      
      <TextLine id="eSc_line_add16e2f" custom="structure {type:default;}">
        <Coords points="2878,1175 2305,1200 2126,1200 2107,1191 2093,1191 2084,1191 2075,1198 1967,1189 1965,1189 1962,1189 1960,1189 1960,1191 1948,1202 1870,1202 1785,1184 1774,1184 1647,1202 1576,1186 1449,1186 1451,1228 1451,1262 1583,1248 1601,1260 1608,1267 1610,1267 1612,1267 1615,1267 1617,1267 1635,1260 1656,1253 1688,1258 1732,1267 1734,1267 1778,1258 1808,1251 1836,1255 1879,1265 1882,1265 1884,1265 1923,1255 1939,1251 1978,1253 2040,1258 2043,1258 2045,1258 2047,1258 2057,1251 2068,1244 2082,1251 2098,1262 2100,1262 2103,1262 2105,1262 2464,1260 2466,1260 2489,1248 2521,1260 2524,1260 2526,1260 2528,1260 2531,1260 2547,1248 2606,1255 2609,1255 2611,1255 2646,1239 2740,1239 2758,1239 2777,1251 2779,1251 2781,1251 2784,1251 2887,1235 2890,1209 2883,1175 2878,1175"/>
        <Baseline points="1451,1228 2298,1237 2890,1209"/>
        <TextEquiv conf="0.9808597380206698">
          <Unicode>Ronques dame ne su Ie cron plus tourmentee</Unicode>
        </TextEquiv>
      </TextLine>

      
      
      <TextLine id="eSc_line_dbebaece" custom="structure {type:default;}">
        <Coords points="1456,1340 1456,1359 1619,1375 1622,1375 1624,1375 1668,1361 1675,1359 1682,1361 1721,1370 1723,1370 1725,1370 1728,1370 1730,1370 1737,1363 1751,1375 1753,1375 1755,1375 1757,1375 1859,1361 1879,1359 2031,1359 2036,1361 2050,1373 2052,1373 2054,1373 2057,1373 2059,1373 2100,1361 2105,1361 2112,1361 2195,1373 2197,1373 2199,1373 2202,1373 2215,1361 2222,1357 2229,1361 2245,1373 2248,1373 2250,1373 2252,1373 2326,1361 2349,1359 2372,1361 2439,1373 2441,1373 2443,1373 2445,1373 2445,1370 2455,1361 2462,1357 2609,1361 2613,1336 2606,1304 2323,1304 2314,1299 2289,1288 2287,1288 2284,1288 2282,1288 2241,1299 2225,1304 2218,1299 2211,1292 2211,1290 2208,1290 2206,1290 2204,1290 2165,1299 2137,1304 2059,1297 1999,1292 1997,1292 1994,1292 1992,1292 1988,1297 1971,1306 1953,1297 1939,1290 1937,1290 1935,1290 1898,1294 1856,1301 1810,1294 1774,1290 1771,1290 1748,1294 1688,1306 1649,1292 1640,1290 1638,1290 1635,1290 1617,1292 1548,1306 1525,1292 1523,1290 1520,1290 1518,1290 1516,1290 1454,1290 1456,1340"/>
        <Baseline points="1456,1340 2613,1336"/>
        <TextEquiv conf="0.9839413492452531">
          <Unicode>En disant sire ⁊oil qui fist chul et nnier</Unicode>
        </TextEquiv>
      </TextLine>

      
      
      <TextLine id="eSc_line_e70eed41" custom="structure {type:default;}">
        <Coords points="2487,1338 2478,1338 2466,1345 2455,1350 2404,1345 2351,1340 2349,1340 2346,1340 2344,1340 2344,1343 2340,1345 2333,1354 2043,1359 2024,1350 2017,1347 2015,1347 2013,1347 2011,1347 2008,1347 2006,1350 1992,1359 1889,1352 1849,1350 1847,1350 1845,1350 1843,1350 1843,1352 1840,1352 1831,1361 1615,1357 1612,1357 1610,1357 1608,1357 1594,1368 1428,1359 1431,1403 1431,1423 1635,1432 1638,1432 1640,1432 1661,1421 1668,1419 1684,1421 1739,1430 1741,1430 1794,1419 1813,1416 1820,1419 1840,1428 1843,1428 1845,1428 2020,1416 2174,1407 2346,1412 2422,1414 2425,1414 2462,1412 2583,1398 2669,1407 2673,1375 2666,1343 2514,1347 2505,1343 2494,1338 2487,1338"/>
        <Baseline points="1431,1403 2673,1375"/>
        <TextEquiv conf="0.9695479564177685">
          <Unicode>Con Ie dy estre aucner courechie et nee</Unicode>
        </TextEquiv>
      </TextLine>

      
      
      <TextLine id="eSc_line_9f1176ad" custom="structure {type:default;}">
        <Coords points="2871,1407 2494,1398 2491,1398 2434,1409 2427,1409 2420,1409 2351,1398 2349,1398 2213,1409 2199,1412 1438,1412 1440,1455 1440,1467 1546,1485 1548,1488 1748,1488 1748,1485 1751,1485 1753,1485 1771,1472 1863,1485 1866,1485 1868,1485 1909,1472 1919,1469 1930,1472 1969,1483 1971,1483 1974,1483 2031,1474 2068,1467 2250,1467 2264,1474 2275,1483 2277,1483 2280,1483 2282,1483 2284,1483 2287,1483 2287,1481 2294,1474 2303,1467 2358,1476 2369,1476 2372,1476 2374,1476 2376,1476 2393,1465 2471,1465 2487,1476 2491,1481 2494,1481 2496,1481 2498,1481 2531,1476 2586,1469 2632,1478 2653,1481 2655,1481 2657,1481 2659,1481 2659,1478 2662,1478 2673,1467 2710,1478 2719,1481 2722,1481 2724,1481 2876,1478 2876,1449 2873,1432 2871,1407"/>
        <Baseline points="1440,1455 2167,1439 2876,1449"/>
        <TextEquiv conf="0.9778909280896186">
          <Unicode>Quant Ie uoy chy ungroy ⁊ou iesun mariee</Unicode>
        </TextEquiv>
      </TextLine>

      
      
      <TextLine id="eSc_line_bd408de0" custom="structure {type:default;}">
        <Coords points="1615,1511 1615,1534 1900,1527 1928,1534 1953,1543 1955,1543 1958,1543 1960,1543 1983,1534 2013,1524 2036,1534 2047,1540 2050,1540 2052,1540 2054,1540 2057,1540 2063,1534 2082,1524 2220,1534 2222,1534 2360,1522 2393,1534 2402,1538 2404,1538 2406,1538 2542,1534 2544,1534 2547,1534 2547,1531 2560,1520 2604,1534 2609,1536 2611,1536 2613,1536 2680,1534 2682,1534 2685,1534 2708,1517 2811,1534 2816,1497 2811,1465 2694,1465 2671,1449 2669,1449 2666,1449 2664,1449 2662,1449 2609,1467 2501,1467 2475,1451 2473,1451 2471,1451 2468,1451 2466,1451 2464,1451 2443,1465 2333,1453 2330,1453 2328,1453 2300,1467 2213,1453 2211,1453 1994,1458 1992,1458 1962,1472 1875,1458 1872,1458 1870,1458 1868,1458 1854,1472 1815,1460 1813,1460 1810,1460 1808,1460 1762,1474 1721,1460 1718,1460 1716,1460 1714,1460 1711,1460 1695,1476 1612,1476 1615,1511"/>
        <Baseline points="1615,1511 2816,1497"/>
        <TextEquiv conf="0.9950932860374451">
          <Unicode>uoy ungt roy apere dont ie sun engeuree</Unicode>
        </TextEquiv>
      </TextLine>

      
      
      <TextLine id="eSc_line_b160a9f6" custom="structure {type:default;}">
        <Coords points="1438,1570 1438,1596 1504,1600 1507,1600 1509,1600 1518,1596 1548,1580 1573,1596 1585,1600 1587,1600 1589,1600 1592,1600 1606,1596 1638,1580 1691,1593 1716,1600 1718,1600 1721,1600 1723,1600 1741,1593 1757,1586 1792,1591 1840,1600 1843,1600 1845,1600 1847,1600 1861,1591 1879,1580 1971,1589 1990,1591 1992,1591 1994,1591 1999,1589 2022,1580 2181,1580 2208,1586 2248,1598 2250,1598 2252,1598 2390,1586 2429,1600 2432,1600 2434,1603 2643,1603 2643,1600 2646,1600 2648,1600 2648,1598 2666,1580 2666,1566 2664,1531 2517,1531 2498,1515 2496,1515 2494,1515 2491,1515 2489,1515 2487,1515 2464,1529 2383,1517 2381,1517 2280,1527 2261,1515 2259,1515 2257,1515 2254,1515 2112,1527 2086,1515 2084,1515 2082,1515 2080,1515 2040,1529 2027,1517 2027,1515 2024,1515 2022,1515 1912,1515 1909,1515 1907,1515 1877,1529 1790,1515 1787,1515 1716,1529 1702,1517 1702,1515 1700,1515 1698,1515 1580,1515 1578,1515 1576,1515 1573,1515 1560,1529 1543,1517 1541,1517 1539,1517 1537,1517 1435,1531 1438,1570"/>
        <Baseline points="1438,1570 1914,1561 2666,1566"/>
        <TextEquiv conf="0.9878595367074012">
          <Unicode>et Ie suy chy endroit cõtruande esgaree</Unicode>
        </TextEquiv>
      </TextLine>

      
      
      <TextLine id="eSc_line_e2ea31a0" custom="structure {type:default;}">
        <Coords points="1534,1570 1532,1570 1449,1586 1451,1628 1451,1651 1573,1655 1576,1655 1578,1655 1594,1651 1619,1642 1638,1651 1652,1655 1654,1655 1656,1655 1693,1649 1739,1642 1774,1649 1806,1655 1808,1655 1810,1655 1813,1655 1813,1653 1820,1649 1826,1642 1893,1642 1907,1646 1919,1653 1921,1653 1923,1653 1965,1646 1992,1642 1999,1646 2011,1655 2013,1655 2015,1655 2017,1655 2020,1655 2022,1655 2034,1646 2043,1639 2061,1646 2082,1653 2084,1653 2086,1653 2130,1644 2160,1639 2172,1644 2190,1653 2192,1653 2195,1653 2197,1653 2227,1644 2241,1639 2245,1644 2254,1651 2254,1653 2257,1653 2259,1653 2261,1655 2542,1655 2542,1653 2544,1653 2588,1639 2588,1623 2583,1577 2243,1582 2236,1580 2208,1568 2206,1568 2057,1568 2054,1568 2052,1568 2020,1582 2017,1582 2013,1582 1925,1570 1923,1570 1711,1584 1709,1584 1670,1570 1668,1570 1665,1570 1592,1584 1537,1570 1534,1570"/>
        <Baseline points="1451,1628 2017,1616 2588,1623"/>
        <TextEquiv conf="0.9649131248394648">
          <Unicode>la fu d tel doleur esprise et alimee</Unicode>
        </TextEquiv>
      </TextLine>

      
      
      <TextLine id="eSc_line_d071bfab" custom="structure {type:default;}">
        <Coords points="1442,1683 1442,1713 1514,1699 1705,1699 1725,1713 1728,1713 1730,1713 1732,1713 1734,1713 1780,1699 1820,1711 1822,1711 1824,1711 1826,1711 1829,1711 1852,1697 2176,1713 2206,1713 2208,1713 2211,1713 2213,1713 2213,1711 2229,1695 2282,1708 2284,1708 2287,1708 2289,1708 2335,1695 2351,1708 2351,1711 2353,1711 2356,1711 2358,1713 2609,1713 2611,1676 2606,1644 2501,1644 2501,1642 2489,1632 2489,1630 2487,1630 2485,1630 2482,1630 2480,1630 2455,1642 2409,1630 2406,1630 2404,1630 2349,1642 2344,1642 1440,1639 1442,1683"/>
        <Baseline points="1442,1683 2611,1676"/>
        <TextEquiv conf="0.9875454447771373">
          <Unicode>Ou elle ueulle ou non est queue pasmee</Unicode>
        </TextEquiv>
      </TextLine>

      
      
      <TextLine id="eSc_line_eb54d6e9" custom="structure {type:default;}">
        <Coords points="1433,1738 1431,1761 1647,1768 1649,1768 1672,1766 1746,1750 1762,1766 1767,1768 1767,1770 1769,1770 1771,1770 1774,1773 1806,1773 1806,1770 1808,1770 1817,1766 1845,1752 1937,1752 1955,1768 1958,1768 1958,1770 1960,1770 1962,1770 1965,1770 1994,1768 2093,1757 2123,1768 2128,1770 2130,1770 2132,1770 2135,1770 2142,1768 2185,1759 2231,1770 2248,1773 2250,1773 2252,1773 2259,1770 2298,1754 2317,1766 2319,1766 2321,1766 2323,1766 2462,1754 2503,1773 2505,1773 2508,1773 2510,1773 2512,1773 2514,1773 2533,1759 2616,1773 2620,1741 2620,1699 1863,1688 1861,1688 1845,1690 1780,1699 1569,1685 1537,1685 1534,1685 1525,1685 1465,1697 1433,1685 1433,1738"/>
        <Baseline points="1433,1738 1856,1731 2620,1741"/>
        <TextEquiv conf="0.9745343312239035">
          <Unicode>Des gens qui la estoient fu elame leuer</Unicode>
        </TextEquiv>
      </TextLine>

      
      
      <TextLine id="eSc_line_1be8975f" custom="structure {type:default;}">
        <Coords points="2841,1759 2735,1761 2726,1759 2694,1745 2692,1745 2689,1745 2623,1759 2620,1759 2618,1759 2574,1745 2572,1745 2570,1745 2567,1745 2540,1759 2537,1761 2535,1759 2491,1743 2489,1743 2487,1743 2485,1743 2452,1761 2450,1761 2441,1761 2342,1745 2340,1745 2271,1761 2259,1764 2250,1761 2192,1750 2190,1750 2105,1764 2096,1764 2086,1764 2013,1747 2011,1747 2008,1747 1978,1764 1955,1745 1953,1745 1951,1745 1840,1745 1838,1745 1836,1745 1833,1745 1813,1759 1695,1745 1693,1745 1691,1745 1635,1764 1541,1754 1539,1754 1451,1766 1454,1803 1454,1823 1488,1835 1491,1835 1493,1835 1495,1835 1530,1826 1560,1816 1619,1826 1642,1828 1645,1828 1661,1826 1705,1816 1730,1826 1753,1835 1755,1835 1757,1835 1760,1835 1762,1835 1762,1833 1771,1826 1783,1816 1944,1816 1955,1828 1962,1833 1962,1835 1965,1835 1967,1835 1969,1837 2015,1837 2015,1835 2017,1835 2040,1828 2066,1821 2121,1828 2153,1833 2156,1833 2158,1833 2172,1828 2213,1816 2250,1830 2252,1830 2254,1830 2257,1830 2259,1830 2261,1830 2284,1816 2374,1816 2393,1830 2395,1833 2397,1833 2399,1833 2402,1835 2485,1835 2485,1833 2496,1830 2579,1814 2620,1833 2623,1833 2625,1833 2627,1835 2855,1835 2857,1805 2853,1768 2841,1759"/>
        <Baseline points="1454,1803 2360,1793 2857,1805"/>
        <TextEquiv conf="0.9927869195840797">
          <Unicode>sy uns dist elle est morte on la ychy trop bonter</Unicode>
        </TextEquiv>
      </TextLine>

      
      
      <TextLine id="eSc_line_f78bdd4e" custom="structure {type:default;}">
        <Coords points="1438,1865 1435,1888 1509,1879 1527,1888 1530,1888 1532,1888 1534,1888 1537,1888 1537,1885 1548,1876 1571,1890 1573,1890 1576,1890 1578,1890 1596,1888 1705,1876 1734,1888 1744,1890 1746,1890 1748,1890 1751,1890 1760,1885 1790,1874 1817,1885 1829,1890 1831,1890 1833,1890 1836,1890 1838,1890 1845,1885 1861,1874 1875,1885 1882,1890 1884,1890 1886,1890 1889,1890 1921,1883 1971,1874 2045,1874 2057,1883 2066,1890 2068,1890 2070,1890 2073,1890 2075,1890 2098,1881 2121,1874 2156,1881 2204,1890 2206,1892 2310,1892 2310,1890 2312,1890 2314,1890 2314,1888 2326,1879 2333,1874 2393,1874 2397,1879 2409,1888 2409,1890 2411,1890 2413,1890 2416,1890 2508,1876 2512,1876 2514,1876 2556,1888 2558,1888 2560,1888 2563,1888 2565,1888 2565,1885 2577,1874 2579,1874 2627,1874 2630,1874 2662,1890 2664,1890 2666,1890 2751,1872 2754,1860 2751,1823 2600,1810 2597,1810 2528,1821 2521,1821 2519,1821 2494,1810 2491,1810 2489,1810 2416,1819 2402,1821 2397,1819 2369,1807 2367,1807 2365,1807 2298,1819 2282,1821 2264,1819 2188,1807 2185,1807 2040,1816 2006,1819 1969,1816 1847,1807 1845,1807 1843,1807 1840,1807 1831,1816 1824,1821 1438,1814 1438,1865"/>
        <Baseline points="1438,1865 1923,1853 2754,1860"/>
        <TextEquiv conf="0.9940067848493886">
          <Unicode>Et ly autre disoit Ie croy que on lait tuee</Unicode>
        </TextEquiv>
      </TextLine>

      
      
      <TextLine id="eSc_line_6043785a" custom="structure {type:default;}">
        <Coords points="1465,1913 1463,1941 1612,1934 1638,1945 1647,1948 1649,1948 1652,1948 1654,1948 1661,1945 1679,1936 1753,1945 1783,1948 1785,1948 1787,1948 1794,1945 1815,1936 1856,1945 1884,1950 1886,1950 1925,1945 1974,1938 2011,1945 2050,1952 2052,1952 2128,1945 2181,1941 2231,1945 2319,1954 2321,1954 2323,1954 2342,1945 2349,1943 2356,1945 2383,1957 2386,1957 2388,1957 2459,1945 2471,1945 2480,1945 2570,1959 2572,1959 2754,1945 2756,1929 2756,1892 2547,1890 2547,1888 2535,1879 2535,1876 2533,1876 2531,1876 2528,1876 2406,1888 2388,1888 2379,1885 2333,1874 2330,1874 2328,1874 2250,1885 2241,1885 2236,1885 2204,1872 2202,1872 2199,1872 2091,1883 2082,1883 2075,1883 2017,1869 2015,1869 2013,1869 2011,1869 1992,1881 1988,1881 1725,1867 1723,1867 1721,1867 1679,1879 1675,1879 1672,1879 1652,1865 1649,1865 1647,1865 1645,1865 1465,1874 1465,1913"/>
        <Baseline points="1465,1913 2756,1929"/>
        <TextEquiv conf="0.9873900806031576">
          <Unicode>ku che point fu elame en son ostel portie</Unicode>
        </TextEquiv>
      </TextLine>

      
      
      <TextLine id="eSc_line_7ecf6b0e" custom="structure {type:default;}">
        <Coords points="1463,1977 1463,2000 2768,2000 2768,1977 2768,1941 1463,1934 1463,1977"/>
        <Baseline points="1463,1977 2768,1977"/>
        <TextEquiv conf="0.9818139487788791">
          <Unicode>ale desist ung seul mot pour dor unr caree</Unicode>
        </TextEquiv>
      </TextLine>

      
      
      <TextLine id="eSc_line_96d6a268" custom="structure {type:default;}">
        <Coords points="2402,1980 2390,1980 2379,1991 2376,1991 2374,1991 2330,1982 2328,1982 2326,1982 2303,1991 2294,1994 2264,1991 2190,1984 2188,1984 2105,1991 2059,1996 2043,1991 1999,1980 1997,1980 1994,1980 1992,1980 1990,1980 1971,1994 1969,1994 1967,1994 1953,1982 1953,1980 1951,1980 1948,1980 1942,1980 1919,1980 1895,1980 1889,1980 1886,1980 1826,1994 1801,1998 1730,1994 1658,1989 1656,1989 1654,1989 1635,1994 1610,2000 1599,1994 1585,1984 1583,1984 1580,1984 1578,1984 1458,1994 1461,2028 1461,2058 1645,2053 1649,2058 1661,2067 1661,2070 1663,2070 1665,2070 1668,2070 1836,2067 1838,2067 1840,2067 1856,2056 1861,2053 1884,2056 1942,2065 1944,2065 1946,2065 1948,2065 1960,2056 1971,2049 2027,2049 2038,2056 2050,2065 2052,2065 2054,2065 2057,2065 2130,2063 2132,2063 2146,2056 2162,2046 2208,2053 2245,2060 2248,2060 2314,2053 2383,2046 2406,2053 2432,2060 2434,2060 2436,2060 2473,2053 2521,2042 2570,2051 2574,2021 2567,1991 2445,1991 2441,1991 2413,1980 2402,1980"/>
        <Baseline points="1461,2028 1843,2035 2574,2021"/>
        <TextEquiv conf="0.9756744997841972">
          <Unicode>Ensy iusqua lostel une grande lieue</Unicode>
        </TextEquiv>
      </TextLine>

      
      
      <TextLine id="eSc_line_c008b111" custom="structure {type:default;}">
        <Coords points="1442,2093 1442,2111 1514,2111 1516,2111 1532,2125 1532,2127 1534,2127 1537,2127 1539,2129 1587,2129 1587,2127 1589,2127 1592,2127 1610,2111 1612,2111 1631,2111 1762,2125 1764,2125 1866,2122 1868,2122 1870,2122 1870,2120 1879,2111 1884,2109 1919,2111 1994,2120 1997,2120 2052,2111 2091,2106 2103,2111 2123,2122 2126,2122 2128,2125 2188,2125 2188,2122 2190,2122 2192,2122 2192,2120 2202,2111 2206,2109 2227,2111 2277,2120 2280,2120 2282,2120 2307,2111 2330,2104 2342,2111 2351,2120 2353,2120 2356,2120 2358,2120 2360,2120 2390,2111 2411,2106 2418,2111 2425,2118 2425,2120 2427,2120 2429,2120 2432,2120 2572,2111 2574,2083 2567,2049 2512,2053 2489,2046 2452,2037 2450,2037 2448,2037 2402,2046 2376,2053 2363,2046 2340,2037 2337,2037 2335,2037 2333,2037 2330,2037 2330,2040 2321,2046 2312,2056 2271,2056 2257,2046 2248,2040 2245,2040 2243,2040 2174,2040 2172,2040 2169,2040 2146,2046 2126,2056 1820,2058 1806,2046 1803,2044 1803,2042 1801,2042 1799,2042 1797,2042 1794,2042 1785,2046 1757,2060 1615,2060 1596,2046 1596,2044 1594,2044 1592,2044 1589,2044 1440,2044 1442,2093"/>
        <Baseline points="1442,2093 2574,2083"/>
        <TextEquiv conf="0.981908929016855">
          <Unicode>Et ly roysont entre en le chite loir</Unicode>
        </TextEquiv>
      </TextLine>

      
      
      <TextLine id="eSc_line_934b184b" custom="structure {type:default;}">
        <Coords points="2770,2118 2600,2118 2600,2116 2586,2104 2586,2102 2583,2102 2581,2102 2579,2102 2577,2102 2537,2116 2517,2102 2514,2102 2512,2102 2436,2102 2434,2102 2432,2102 2429,2102 2429,2104 2418,2116 2416,2116 2381,2102 2379,2102 2376,2102 2282,2113 2266,2116 2264,2113 2245,2102 2243,2102 2241,2102 2238,2102 2236,2102 2188,2113 2176,2116 2153,2113 2059,2102 2057,2102 1994,2113 1976,2116 1960,2113 1916,2102 1914,2102 1912,2102 1909,2102 1907,2102 1891,2113 1886,2116 1872,2111 1833,2102 1831,2102 1829,2102 1826,2102 1806,2111 1797,2116 1774,2111 1723,2102 1721,2102 1718,2102 1688,2111 1672,2116 1451,2111 1451,2150 1449,2171 1553,2168 1569,2173 1601,2187 1603,2187 1606,2187 1783,2173 1806,2173 1808,2173 1820,2185 1820,2187 1822,2187 1824,2187 1826,2189 1907,2189 1907,2187 2006,2173 2052,2168 2268,2168 2282,2173 2296,2180 2298,2180 2300,2180 2342,2173 2376,2168 2386,2173 2404,2187 2406,2187 2409,2187 2411,2189 2491,2189 2491,2187 2494,2187 2496,2187 2496,2185 2508,2175 2738,2187 2740,2187 2742,2187 2774,2173 2777,2157 2774,2141 2770,2118"/>
        <Baseline points="1451,2150 2374,2148 2777,2157"/>
        <TextEquiv conf="0.9781860694289207">
          <Unicode>u palais descendirent saust nule demoree</Unicode>
        </TextEquiv>
      </TextLine>

      
      
      <TextLine id="eSc_line_a93fd9c3" custom="structure {type:default;}">
        <Coords points="1440,2205 1438,2217 1514,2219 1530,2235 1532,2235 1534,2235 1537,2235 1539,2235 1566,2221 1619,2235 1622,2235 1624,2235 1757,2221 1778,2235 1780,2235 1783,2235 1999,2237 2001,2237 2093,2224 2220,2235 2222,2235 2307,2224 2335,2237 2337,2237 2340,2237 2342,2237 2386,2224 2457,2237 2459,2237 2462,2237 2512,2221 2514,2210 2512,2171 1440,2162 1440,2205"/>
        <Baseline points="1440,2205 2514,2210"/>
        <TextEquiv conf="0.9673191441429986">
          <Unicode>Aiche leure uert point encoire prime</Unicode>
        </TextEquiv>
      </TextLine>

      
      
      <TextLine id="eSc_line_fd53cd43" custom="structure {type:default;}">
        <Coords points="2135,2210 2112,2210 2089,2210 2073,2210 2066,2212 2034,2221 1990,2212 1988,2212 1985,2212 1960,2226 1776,2226 1760,2210 1757,2210 1755,2210 1445,2210 1447,2258 1447,2274 1486,2288 1488,2288 1491,2288 1493,2288 1523,2274 1525,2274 1557,2288 1560,2288 1562,2288 1670,2274 1679,2274 1695,2274 1928,2288 1930,2288 1932,2288 1965,2274 1967,2272 1969,2274 1990,2286 1992,2286 1994,2286 1997,2286 2054,2274 2068,2286 2070,2286 2073,2286 2075,2286 2151,2272 2160,2272 2167,2272 2208,2286 2211,2286 2213,2286 2215,2286 2264,2272 2271,2272 2282,2272 2383,2286 2386,2286 2388,2286 2390,2286 2409,2272 2413,2272 2466,2283 2468,2283 2471,2283 2491,2272 2491,2254 2485,2214 2294,2221 2176,2212 2146,2210 2135,2210"/>
        <Baseline points="1447,2258 2491,2254"/>
        <TextEquiv conf="0.9730189541975657">
          <Unicode>i leglise sen uout la endroit acante</Unicode>
        </TextEquiv>
      </TextLine>

      
      
      <TextLine id="eSc_line_8ef44570" custom="structure {type:default;}">
        <Coords points="2544,2212 2542,2249 2717,2235 2719,2217 2717,2182 2544,2178 2544,2212"/>
        <Baseline points="2544,2212 2719,2217"/>
        <TextEquiv conf="0.9390748739242554">
          <Unicode>sonce</Unicode>
        </TextEquiv>
      </TextLine>

      
      
      <TextLine id="eSc_line_21a4c4e9" custom="structure {type:default;}">
        <Coords points="2468,2256 2466,2256 1456,2281 1458,2320 1458,2348 1580,2339 1592,2346 1606,2357 1608,2357 1610,2357 1612,2359 1661,2359 1661,2357 1663,2357 1665,2357 1684,2343 1695,2336 1748,2341 1840,2348 1843,2348 1845,2348 1875,2336 1891,2332 1905,2336 1946,2350 1948,2350 1951,2350 2011,2339 2144,2346 2146,2346 2149,2346 2151,2346 2172,2327 2195,2343 2197,2343 2199,2343 2202,2346 2264,2346 2264,2343 2266,2343 2330,2323 2335,2323 2337,2323 2365,2336 2367,2336 2369,2336 2372,2336 2374,2336 2390,2323 2393,2320 2397,2323 2457,2339 2459,2339 2462,2339 2542,2323 2560,2336 2563,2336 2565,2336 2567,2336 2570,2336 2572,2336 2572,2334 2593,2316 2595,2316 2641,2316 2643,2288 2636,2251 2468,2254 2468,2256"/>
        <Baseline points="1458,2320 2234,2309 2643,2288"/>
        <TextEquiv conf="0.9877561688423157">
          <Unicode>e misse larcheuesque par e boue destinee</Unicode>
        </TextEquiv>
      </TextLine>

      
      
      <TextLine id="eSc_line_f6f6606e" custom="structure {type:default;}">
        <Coords points="1431,2371 1428,2389 2625,2421 2630,2394 2625,2355 2443,2355 2411,2350 2333,2339 2330,2339 2328,2339 2307,2350 2300,2352 2289,2350 2250,2336 2248,2336 2245,2336 2075,2346 2036,2348 2031,2346 2015,2332 2013,2332 2011,2332 2008,2332 1921,2343 1907,2346 1898,2343 1849,2329 1847,2329 1845,2329 1843,2329 1817,2343 1762,2343 1711,2343 1709,2341 1693,2329 1691,2329 1688,2329 1686,2329 1516,2336 1509,2327 1507,2327 1507,2325 1504,2325 1502,2325 1500,2325 1431,2336 1431,2371"/>
        <Baseline points="1431,2371 2630,2394"/>
        <TextEquiv conf="0.9935778694020377">
          <Unicode>Et martins sen ala en le salbe pauer</Unicode>
        </TextEquiv>
      </TextLine>

      
      
      <TextLine id="eSc_line_6c4aa1d8" custom="structure {type:default;}">
        <Coords points="1449,2426 1447,2451 1583,2447 2648,2474 2653,2447 2653,2408 1449,2385 1449,2426"/>
        <Baseline points="1449,2426 2653,2447"/>
        <TextEquiv conf="0.9768721960686348">
          <Unicode>es cuismes troura les uiandes ordemer</Unicode>
        </TextEquiv>
      </TextLine>

      
      
      <TextLine id="eSc_line_46d521e8" custom="structure {type:default;}">
        <Coords points="1408,2481 1405,2504 1566,2497 1585,2509 1585,2511 1587,2511 1589,2511 1592,2511 1672,2511 1971,2507 2181,2516 2478,2532 2480,2532 2577,2520 2579,2507 2579,2470 2365,2449 2218,2447 2215,2447 2213,2447 2211,2447 2192,2458 2103,2444 2100,2444 1969,2454 1967,2454 1951,2440 1948,2440 1946,2440 1944,2440 1884,2451 1882,2451 1877,2451 1548,2431 1546,2431 1408,2440 1408,2481"/>
        <Baseline points="1408,2481 1928,2486 2579,2507"/>
        <TextEquiv conf="0.9552856989808984">
          <Unicode>Pont on deuoit fuir leir n be iournee</Unicode>
        </TextEquiv>
      </TextLine>

      
      
      <TextLine id="eSc_line_af5477a7" custom="structure {type:default;}">
        <Coords points="1410,2536 1408,2557 1532,2569 1534,2569 1603,2559 1656,2553 1698,2559 1755,2571 1757,2571 1760,2571 1794,2559 1815,2555 1845,2562 1907,2573 1909,2573 1912,2573 1914,2573 1914,2571 1925,2562 1930,2557 1965,2557 1978,2562 2017,2576 2020,2576 2022,2576 2091,2562 2107,2559 2132,2562 2204,2571 2206,2571 2208,2571 2236,2562 2241,2562 2243,2562 2261,2578 2264,2578 2266,2578 2268,2578 2271,2578 2303,2569 2434,2582 2436,2585 2535,2585 2535,2582 2537,2582 2588,2564 2590,2559 2590,2516 2275,2500 2273,2500 1861,2504 1817,2504 1810,2504 1741,2493 1739,2493 1675,2502 1672,2502 1665,2502 1589,2490 1587,2490 1532,2500 1530,2500 1493,2488 1491,2488 1488,2488 1410,2497 1410,2536"/>
        <Baseline points="1410,2536 2172,2541 2590,2559"/>
        <TextEquiv conf="0.9867605671286583">
          <Unicode>Martinis a fait uier uistement le cõner</Unicode>
        </TextEquiv>
      </TextLine>

      
      
      <TextLine id="eSc_line_d86267d0" custom="structure {type:default;}">
        <Coords points="2830,2622 2811,2587 2761,2587 2756,2585 2728,2564 2726,2564 2724,2564 2602,2562 2600,2562 2597,2562 2595,2562 2595,2564 2579,2578 2574,2580 2563,2578 2498,2559 2496,2559 2494,2559 2491,2559 2445,2573 2441,2573 2434,2573 2386,2557 2383,2557 2381,2557 2098,2559 2096,2559 2093,2559 2066,2571 1852,2569 1815,2550 1806,2546 1803,2546 1801,2546 1799,2546 1787,2548 1744,2564 1658,2564 1638,2546 1635,2546 1633,2546 1631,2546 1629,2546 1592,2559 1562,2541 1560,2541 1557,2541 1555,2541 1553,2541 1525,2555 1405,2536 1405,2594 1403,2610 1486,2624 1488,2624 1583,2615 1587,2615 1629,2633 1631,2633 1739,2635 1741,2635 1744,2635 1746,2635 1760,2626 1771,2635 1774,2635 1776,2635 1778,2635 1845,2626 1900,2638 1902,2638 1967,2624 2011,2638 2013,2638 2015,2638 2017,2638 2070,2624 2075,2624 2466,2649 2468,2649 2692,2645 2724,2656 2726,2656 2728,2658 2809,2658 2809,2656 2811,2656 2814,2656 2832,2638 2834,2628 2832,2624 2830,2622"/>
        <Baseline points="1405,2594 2264,2603 2834,2628"/>
        <TextEquiv conf="0.9948322163386778">
          <Unicode>Daeux que ly peure gent ysont tost assamblie</Unicode>
        </TextEquiv>
      </TextLine>

      
      
      <TextLine id="eSc_line_87eee756" custom="structure {type:default;}">
        <Coords points="1401,2656 1398,2674 1435,2691 1438,2691 1440,2691 1442,2691 1488,2679 1555,2693 1557,2693 1560,2693 1562,2693 1583,2677 1631,2677 1682,2700 1684,2700 1686,2702 1776,2702 1776,2700 1778,2700 1780,2700 1780,2697 1792,2688 1923,2700 1925,2700 1928,2700 1981,2684 1999,2700 1999,2702 2001,2702 2004,2702 2006,2704 2063,2704 2063,2702 2066,2702 2116,2684 2126,2681 2139,2686 2185,2702 2188,2702 2190,2702 2192,2702 2250,2686 2266,2684 2305,2688 2386,2697 2388,2697 2531,2691 2533,2665 2533,2624 1401,2617 1401,2656"/>
        <Baseline points="1401,2656 2533,2665"/>
        <TextEquiv conf="0.971884007389481">
          <Unicode>ꝑ lame a son ostel estoit mal atourne</Unicode>
        </TextEquiv>
      </TextLine>

      
      
      <TextLine id="eSc_line_43817ee9" custom="structure {type:default;}">
        <Coords points="1375,2723 1373,2750 1509,2741 1585,2755 1606,2757 1608,2757 1610,2757 1622,2755 1668,2743 1700,2755 1714,2760 1716,2760 1718,2760 1744,2755 1790,2746 1806,2755 1815,2762 1817,2762 1820,2762 1822,2762 1939,2755 2038,2750 2050,2755 2061,2764 2063,2764 2066,2764 2068,2764 2070,2764 2100,2757 2109,2755 2119,2757 2174,2766 2176,2766 2234,2757 2259,2753 2275,2757 2317,2769 2319,2769 2321,2769 2494,2757 2510,2757 2512,2757 2533,2771 2535,2771 2537,2771 2540,2771 2542,2771 2544,2771 2560,2757 2581,2773 2583,2773 2586,2773 2588,2773 2708,2757 2710,2743 2705,2700 2586,2704 2565,2697 2549,2691 2547,2691 2544,2691 2542,2691 2526,2695 2508,2702 2464,2695 2393,2684 2390,2684 2287,2693 2254,2695 2231,2693 2195,2686 2192,2686 2190,2686 2188,2686 2181,2691 2169,2700 2107,2700 2100,2691 2093,2686 2093,2684 2091,2684 2089,2684 2086,2684 2059,2691 2034,2695 2013,2688 1990,2681 1988,2681 1985,2681 1983,2681 1967,2688 1953,2695 1656,2693 1645,2684 1629,2672 1626,2672 1624,2672 1502,2670 1500,2670 1375,2679 1375,2723"/>
        <Baseline points="1375,2723 2710,2743"/>
        <TextEquiv conf="0.9796356230974197">
          <Unicode>Gostesse ly a dat sans point de demouree</Unicode>
        </TextEquiv>
      </TextLine>

      
      
      <TextLine id="eSc_line_02878ab4" custom="structure {type:default;}">
        <Coords points="1428,2778 1426,2806 1562,2796 1601,2808 1608,2810 1610,2810 1612,2810 1615,2810 1622,2808 1658,2796 1725,2808 1755,2812 1757,2812 1813,2808 1889,2801 1919,2808 1946,2815 1948,2815 1951,2815 1953,2815 1978,2808 2004,2801 2077,2808 2188,2817 2190,2817 2192,2817 2195,2817 2211,2808 2215,2803 2218,2808 2227,2815 2229,2815 2231,2815 2234,2815 2282,2806 2303,2803 2317,2806 2360,2819 2363,2819 2365,2819 2367,2819 2418,2806 2425,2806 2439,2806 2560,2819 2563,2819 2565,2819 2590,2806 2593,2789 2590,2757 2448,2743 2445,2743 2326,2753 2294,2741 2291,2741 2289,2741 2156,2753 2142,2753 2139,2753 2126,2739 2123,2739 2121,2739 2004,2739 2001,2739 1999,2739 1997,2739 1997,2741 1985,2750 1981,2750 1870,2739 1868,2739 1822,2748 1806,2737 1803,2737 1801,2737 1799,2737 1725,2748 1721,2748 1580,2748 1578,2748 1562,2734 1560,2734 1557,2734 1555,2734 1553,2734 1550,2734 1534,2746 1451,2734 1449,2734 1447,2734 1428,2743 1428,2778"/>
        <Baseline points="1428,2778 2593,2789"/>
        <TextEquiv conf="0.956022825182938">
          <Unicode>a les ent a le court lausmõney est criee</Unicode>
        </TextEquiv>
      </TextLine>

      
      
      <TextLine id="eSc_line_b5b2da7d" custom="structure {type:default;}">
        <Coords points="1410,2831 1408,2854 1419,2863 1421,2863 1424,2863 1426,2863 1642,2852 1654,2861 1654,2863 1656,2863 1658,2863 1661,2863 1937,2854 1948,2863 1948,2865 1951,2865 1953,2865 1955,2865 2139,2856 2252,2868 2254,2868 2317,2856 2337,2870 2340,2870 2342,2870 2344,2872 2439,2872 2439,2870 2441,2870 2443,2870 2457,2858 2623,2870 2625,2870 2627,2870 2653,2856 2655,2840 2650,2794 2590,2808 2425,2808 2413,2796 2413,2794 2411,2794 2409,2794 2406,2794 2404,2794 2402,2794 2402,2796 2390,2806 2268,2806 2238,2794 2229,2792 2227,2792 2225,2792 2185,2794 2093,2803 2047,2796 2013,2789 2011,2789 1410,2796 1410,2831"/>
        <Baseline points="1410,2831 2655,2840"/>
        <TextEquiv conf="0.9716917643180261">
          <Unicode>lous menherons assel a uostre retournee</Unicode>
        </TextEquiv>
      </TextLine>

      
      
      <TextLine id="eSc_line_78318e93" custom="structure {type:default;}">
        <Coords points="1401,2886 1398,2916 1486,2902 1511,2914 1514,2914 1516,2914 1599,2902 1629,2918 1633,2921 1635,2921 1638,2921 1656,2918 1753,2904 1787,2918 1792,2921 1794,2921 1797,2921 1799,2921 1803,2918 1838,2904 1905,2916 1907,2916 2057,2907 2077,2918 2086,2923 2089,2923 2091,2923 2093,2923 2112,2918 2132,2911 2139,2918 2146,2923 2146,2925 2149,2925 2151,2925 2153,2925 2156,2925 2172,2918 2188,2911 2206,2918 2227,2925 2229,2925 2231,2925 2277,2918 2303,2914 2307,2918 2314,2923 2314,2925 2317,2925 2319,2925 2429,2927 2432,2927 2689,2916 2692,2904 2692,2863 2581,2863 2581,2861 2570,2852 2570,2849 2567,2849 2565,2849 2563,2849 2560,2849 2517,2861 2514,2861 2512,2861 2482,2849 2480,2849 2478,2849 2427,2861 2420,2861 2411,2861 2326,2845 2323,2845 2321,2845 2284,2858 2284,2861 2160,2861 2158,2858 2139,2847 2137,2847 2135,2847 2132,2847 2130,2847 2128,2847 2119,2854 2105,2842 2103,2842 2100,2842 2098,2842 1861,2852 1822,2840 1820,2840 1721,2840 1718,2840 1716,2840 1684,2854 1654,2840 1652,2840 1649,2840 1647,2840 1610,2854 1401,2854 1401,2886"/>
        <Baseline points="1401,2886 2006,2884 2312,2902 2692,2904"/>
        <TextEquiv conf="0.9805460786208128">
          <Unicode>Dame che dist elame quy ny Reray entrie</Unicode>
        </TextEquiv>
      </TextLine>

      
      
      <TextLine id="eSc_line_594d9690" custom="structure {type:default;}">
        <Coords points="1415,2948 1412,2969 1560,2985 1562,2985 1564,2985 1566,2985 1589,2969 1603,2962 1771,2962 1780,2969 1799,2987 1801,2987 1803,2987 1806,2989 1845,2989 1845,2987 1847,2987 1893,2969 1909,2964 2070,2964 2075,2969 2084,2978 2084,2980 2086,2980 2089,2980 2091,2980 2165,2969 2179,2969 2183,2969 2229,2992 2231,2992 2234,2992 2236,2992 2238,2992 2268,2969 2271,2969 2273,2969 2317,2992 2319,2992 2321,2992 2383,2983 2466,2994 2468,2996 2623,2996 2623,2994 2625,2994 2627,2994 2627,2992 2648,2973 2712,2969 2715,2960 2712,2923 2616,2909 2613,2909 2611,2909 2609,2909 2590,2921 2583,2921 2468,2909 2466,2909 2323,2918 2310,2918 2307,2918 2273,2907 2271,2907 2268,2907 2266,2907 2243,2918 2229,2904 2227,2904 2225,2904 2222,2904 2183,2911 2144,2898 2142,2898 2139,2898 1916,2914 1826,2895 1824,2895 1748,2914 1744,2914 1741,2914 1695,2895 1693,2895 1691,2895 1688,2895 1656,2909 1548,2893 1546,2893 1543,2893 1488,2911 1484,2911 1415,2911 1415,2948"/>
        <Baseline points="1415,2948 1852,2944 2303,2960 2715,2960"/>
        <TextEquiv conf="0.9785538166761398">
          <Unicode>Eaerforment suy malade se seray deportie</Unicode>
        </TextEquiv>
      </TextLine>

      
      
      <TextLine id="eSc_line_56a18ccd" custom="structure {type:default;}">
        <Coords points="1421,3001 1419,3019 1610,3022 1610,3024 1626,3038 1629,3038 1631,3038 1633,3038 1635,3038 1682,3026 1744,3040 1746,3040 1872,3026 1886,3026 1891,3026 1932,3042 1935,3042 1937,3045 2008,3045 2008,3042 2011,3042 2013,3042 2027,3029 2029,3029 2043,3029 2192,3045 2195,3045 2330,3033 2344,3033 2349,3033 2390,3049 2393,3049 2395,3049 2554,3035 2556,3017 2551,2976 2395,2983 2323,2969 2289,2964 2287,2964 2284,2964 2273,2969 2250,2980 2128,2966 2123,2966 2121,2966 2119,2966 2070,2978 2040,2964 2029,2960 2027,2960 1925,2960 1923,2960 1921,2960 1919,2960 1919,2962 1916,2962 1909,2971 1900,2962 1900,2960 1898,2960 1898,2957 1895,2957 1893,2957 1859,2957 1856,2957 1854,2957 1852,2957 1852,2960 1849,2960 1833,2976 1769,2976 1748,2957 1746,2955 1744,2955 1741,2955 1739,2955 1737,2955 1725,2957 1679,2971 1652,2957 1649,2955 1647,2955 1645,2955 1633,2955 1548,2969 1421,2953 1421,3001"/>
        <Baseline points="1421,3001 2556,3017"/>
        <TextEquiv conf="0.9930508497514223">
          <Unicode>iyroie iusqua la pour tonte le contree</Unicode>
        </TextEquiv>
      </TextLine>

      
      
      <TextLine id="eSc_line_77f94dab" custom="structure {type:default;}">
        <Coords points="1385,3056 1382,3079 1421,3095 1424,3095 1426,3095 1428,3095 1458,3081 1465,3079 1737,3081 1746,3091 1760,3102 1762,3102 1764,3102 1767,3102 1769,3102 1792,3093 1810,3084 1820,3093 1833,3104 1833,3107 1836,3107 1838,3107 1840,3107 1843,3107 1845,3107 1861,3093 1872,3086 1902,3095 1912,3098 1914,3098 1916,3098 1930,3095 1976,3086 2024,3098 2070,3111 2073,3111 2075,3111 2077,3111 2109,3102 2149,3088 2174,3102 2190,3114 2192,3114 2195,3114 2197,3114 2268,3107 2303,3102 2323,3107 2353,3116 2356,3116 2358,3116 2390,3109 2409,3104 2416,3109 2420,3114 2420,3116 2422,3116 2425,3116 2630,3118 2632,3118 2634,3118 2639,3116 2659,3107 2678,3118 2680,3121 2682,3121 2685,3121 2687,3123 2811,3123 2814,3077 2814,3042 2735,3040 2722,3026 2722,3024 2719,3024 2717,3024 2715,3024 2609,3035 2606,3035 2588,3022 2586,3022 2583,3022 2581,3022 2579,3022 2535,3033 2526,3035 2508,3033 2441,3024 2439,3024 2388,3031 2363,3033 2358,3029 2340,3017 2337,3017 2335,3017 2333,3017 2243,3026 2199,3031 2181,3024 2158,3017 2156,3017 2153,3017 2151,3017 2135,3024 2123,3029 2119,3024 2112,3017 2112,3015 2109,3015 2107,3015 2105,3015 2017,3022 1942,3026 1932,3019 1928,3015 1928,3012 1925,3012 1923,3012 1780,3012 1778,3012 1762,3015 1702,3024 1638,3010 1619,3008 1385,3006 1385,3056"/>
        <Baseline points="1385,3056 2814,3077"/>
        <TextEquiv conf="0.9761296050115065">
          <Unicode>Par dieu dist ly otesse uous uoꝰ estepoubtee</Unicode>
        </TextEquiv>
      </TextLine>

      
      
      <TextLine id="eSc_line_906b6e93" custom="structure {type:default;}">
        <Coords points="1392,3114 1389,3137 1564,3134 1589,3144 1608,3150 1610,3150 1612,3150 1615,3150 1633,3146 1661,3137 1686,3146 1705,3153 1707,3153 1709,3153 1762,3148 1817,3141 1831,3148 1847,3157 1849,3157 1953,3160 1955,3160 2034,3153 2082,3148 2089,3153 2093,3157 2093,3160 2096,3160 2098,3160 2100,3160 2183,3155 2202,3155 2213,3155 2300,3169 2303,3169 2305,3169 2335,3157 2344,3155 2353,3157 2383,3171 2386,3171 2388,3171 2613,3164 2620,3164 2655,3178 2657,3178 2659,3178 2837,3167 2839,3150 2839,3118 2770,3118 2768,3116 2751,3102 2751,3100 2749,3100 2747,3100 2745,3100 2742,3100 2694,3114 2685,3114 2676,3111 2627,3100 2625,3100 2623,3100 2620,3100 2600,3109 2595,3111 2211,3104 2185,3095 2119,3079 2116,3079 2114,3079 2112,3079 2082,3093 2080,3093 2027,3077 2024,3077 2022,3077 2020,3077 1978,3091 1974,3091 1967,3088 1928,3077 1925,3077 1923,3077 1921,3077 1898,3088 1886,3093 1872,3086 1861,3081 1859,3081 1856,3081 1799,3084 1757,3086 1755,3084 1746,3072 1744,3072 1744,3070 1741,3070 1739,3070 1737,3070 1675,3079 1665,3081 1663,3079 1652,3070 1652,3068 1649,3068 1647,3068 1645,3068 1392,3070 1392,3114"/>
        <Baseline points="1392,3114 2839,3150"/>
        <TextEquiv conf="0.9930012166500092">
          <Unicode>feue de cheux de uolien ne soier kainsee</Unicode>
        </TextEquiv>
      </TextLine>

      
      
      <TextLine id="eSc_line_41d61fa1" custom="structure {type:default;}">
        <Coords points="2929,3178 2906,3176 2903,3173 2857,3176 2846,3169 2827,3160 2825,3160 2823,3160 2777,3167 2751,3171 2662,3164 2581,3157 2579,3157 2501,3160 2372,3162 2317,3153 2268,3146 2266,3146 2264,3146 2243,3150 2218,3157 2146,3148 2077,3139 2075,3139 2073,3139 2054,3146 2036,3153 2027,3144 2022,3141 2022,3139 2020,3139 2017,3139 2015,3139 2013,3139 2001,3144 1985,3150 1946,3141 1912,3134 1909,3134 1907,3134 1893,3141 1875,3148 1829,3139 1797,3132 1794,3132 1760,3137 1698,3144 1560,3130 1484,3123 1481,3123 1479,3123 1461,3127 1421,3137 1389,3125 1389,3171 1387,3236 1753,3247 1755,3247 1757,3247 1774,3240 1810,3222 1879,3240 1925,3252 1928,3252 1930,3252 1981,3240 2050,3224 2084,3240 2114,3256 2116,3256 2119,3259 2165,3259 2165,3256 2261,3242 2337,3231 2374,3242 2441,3265 2443,3265 2445,3265 2448,3265 2494,3242 2512,3236 2583,3236 2604,3245 2682,3270 2685,3270 2687,3270 2689,3270 2756,3254 2795,3263 2797,3263 2800,3263 2802,3263 2804,3263 2832,3245 2834,3245 2936,3245 2940,3210 2938,3178 2929,3178"/>
        <Baseline points="1389,3171 1553,3169 1889,3192 2588,3210 2940,3210"/>
        <TextEquiv conf="0.9769004434347153">
          <Unicode>pourment ne uous fu par iceste mani cope</Unicode>
        </TextEquiv>
      </TextLine>

      
    </TextRegion>
    

    
  </Page>
</PcGts>
