<?xml version="1.0" encoding="UTF-8"  standalone="yes"?>
<PcGts xmlns="http://schema.primaresearch.org/PAGE/gts/pagecontent/2019-07-15" xmlns:xsi="http://www.w3.org/2001/XMLSchema-instance" xsi:schemaLocation="http://schema.primaresearch.org/PAGE/gts/pagecontent/2019-07-15 http://schema.primaresearch.org/PAGE/gts/pagecontent/2019-07-15/pagecontent.xsd">
  <Metadata>
	<Creator>escriptorium</Creator>
	<Created>2025-10-15T20:24:19.419410+00:00</Created>
        <LastChange>2025-10-15T20:24:19.419434+00:00</LastChange>

  </Metadata>
  <Page imageFilename="620416201_MS0742_0766_0126B.jpg" imageWidth="3104" imageHeight="4140">

    
    <TextRegion id="eSc_textblock_cebaf526"  custom="structure {type:text;}">
      <Coords points="1405,754 2929,800 2993,827 2965,1067 3011,1297 2965,1453 2984,1607 2975,1681 2883,1773 2910,2003 3021,2033 3048,2104 3030,2141 2873,2180 2855,2325 2913,2401 3021,2438 2993,2555 3039,2585 3048,2656 2873,2852 2919,3015 3021,3091 3002,3153 1387,3144 1295,3171 1267,2134 1313,1948 1359,800 1405,754"/>
      
      
      <TextLine id="eSc_line_980cd349" custom="structure {type:default;}">
        <Coords points="2965,816 2961,814 2919,800 2917,800 2915,800 2825,809 2761,793 2758,793 2735,793 2712,793 2696,791 2669,791 2666,791 2643,791 2634,788 2579,788 2577,788 2574,788 2544,804 2540,807 2531,804 2468,784 2459,784 2337,795 2254,779 2252,779 2236,777 2153,791 2139,793 2132,791 2114,781 2112,781 2109,781 2036,788 2015,788 2006,786 1958,770 1955,770 1953,770 1951,770 1909,784 1898,786 1817,786 1813,779 1810,775 1808,775 1808,772 1806,772 1803,772 1801,772 1654,775 1569,775 1562,770 1548,758 1546,758 1543,758 1541,758 1539,758 1502,768 1497,770 1493,768 1456,754 1447,754 1433,754 1392,761 1378,777 1378,816 1375,834 1649,839 1656,846 1668,855 1668,857 1670,857 1672,857 1675,857 1767,850 1794,848 1836,853 1962,867 1965,867 2236,867 2464,867 2634,871 2659,883 2682,890 2685,890 2687,890 2731,885 2779,878 2791,887 2797,892 2800,892 2802,892 2804,894 2975,894 2977,867 2977,821 2965,816"/>
        <Baseline points="1378,816 2977,867"/>
        <TextEquiv conf="0.9943781115792014">
          <Unicode>Uaint ioi en oit poiete a cloemis che disten</Unicode>
        </TextEquiv>
      </TextLine>

      
      
      <TextLine id="eSc_line_78a26829" custom="structure {type:default;}">
        <Coords points="1382,871 1380,896 1725,896 1746,913 1762,926 1764,926 1767,926 1769,926 1771,926 1774,926 1790,915 1808,901 1988,924 2001,924 2004,924 2006,924 2068,908 2151,931 2192,942 2195,942 2197,942 2243,936 2323,922 2404,942 2422,947 2425,947 2427,947 2448,945 2567,926 2613,952 2618,956 2620,956 2623,956 2625,959 2687,959 2687,956 2689,956 2692,956 2712,940 2735,959 2738,961 2740,961 2742,961 2970,968 2975,936 2975,880 1382,823 1382,871"/>
        <Baseline points="1382,871 2588,910 2975,936"/>
        <TextEquiv conf="0.9941268433695254">
          <Unicode>Quie uausist croue en dieu qui souffry passion</Unicode>
        </TextEquiv>
      </TextLine>

      
      
      <TextLine id="eSc_line_1567a2cf" custom="structure {type:default;}">
        <Coords points="1410,936 1408,954 1654,952 1705,968 1716,970 1718,970 1721,970 1723,970 1728,968 1748,956 1760,968 1760,970 1762,970 1764,970 1767,970 1769,970 1771,968 1787,961 1822,970 1838,975 1840,975 1843,975 1845,975 1859,972 1902,961 1988,975 2024,982 2027,982 2029,982 2040,977 2068,968 2162,982 2218,988 2220,988 2222,988 2234,984 2245,979 2574,993 2579,970 2579,926 2340,926 2296,913 2271,906 2268,906 2266,906 2264,906 2252,910 2229,919 2156,906 2146,906 2144,906 2130,906 1988,910 1923,896 1902,892 1900,892 1866,894 1744,901 1721,887 1718,885 1716,885 1714,885 1711,885 1709,885 1705,885 1670,896 1622,883 1619,883 1617,883 1615,883 1612,883 1599,892 1587,883 1587,880 1585,880 1583,880 1580,880 1573,880 1477,892 1410,873 1410,936"/>
        <Baseline points="1410,936 1589,931 2579,970"/>
        <TextEquiv conf="0.9931686934497621">
          <Unicode>har dis fu cedeis que cuer ot de lis</Unicode>
        </TextEquiv>
      </TextLine>

      
      
      <TextLine id="eSc_line_a7d3a14b" custom="structure {type:default;}">
        <Coords points="1396,998 1394,1014 1592,1009 1658,1021 1672,1023 1675,1023 1686,1021 1723,1014 1748,1023 1755,1025 1757,1025 1760,1025 1785,1023 1849,1016 1861,1025 1863,1028 1866,1028 1868,1028 2287,1030 2291,1023 2289,975 2132,956 2130,956 2034,968 2027,968 2024,968 1994,952 1992,952 1893,949 1891,949 1831,963 1826,963 1824,963 1797,947 1794,947 1792,947 1790,947 1757,961 1755,961 1663,947 1661,947 1658,947 1626,959 1624,959 1599,942 1596,942 1594,942 1592,942 1396,952 1396,998"/>
        <Baseline points="1396,998 1928,1000 2291,1023"/>
        <TextEquiv conf="0.986098781875942">
          <Unicode>Se guerrier auoit adont</Unicode>
        </TextEquiv>
      </TextLine>

      
      
      <TextLine id="eSc_line_5f182a7d" custom="structure {type:default;}">
        <Coords points="2307,1025 2305,1039 2459,1064 2462,1064 2464,1064 2496,1055 2533,1046 2641,1067 2646,1032 2646,993 2554,975 2551,975 2549,975 2531,984 2519,991 2448,991 2436,979 2436,977 2434,977 2432,977 2307,970 2307,1025"/>
        <Baseline points="2307,1025 2646,1032"/>
        <TextEquiv conf="0.9950200915336609">
          <Unicode>sintension</Unicode>
        </TextEquiv>
      </TextLine>

      
      
      <TextLine id="eSc_line_89f07084" custom="structure {type:default;}">
        <Coords points="1665,1000 1642,1000 1633,1000 1610,1009 1608,1009 1428,1000 1412,1000 1410,998 1389,998 1387,1060 1385,1069 1640,1081 1642,1081 1645,1081 1670,1069 1774,1087 1776,1087 1997,1085 2024,1101 2027,1101 2029,1101 2031,1101 2100,1090 2326,1115 2328,1115 2413,1108 2505,1136 2508,1136 2510,1136 2574,1124 2664,1145 2666,1145 2669,1145 2712,1129 2731,1145 2731,1147 2733,1147 2735,1147 2738,1147 2740,1147 2742,1147 2761,1136 2772,1145 2772,1147 2774,1147 2777,1147 2890,1159 2894,1129 2894,1085 2784,1081 2779,1078 2733,1053 2731,1053 2728,1053 2632,1064 2604,1046 2602,1046 2600,1046 2597,1046 2595,1046 2544,1064 2542,1064 2540,1064 2494,1039 2491,1039 2489,1039 2487,1039 2485,1039 2471,1051 2422,1041 2420,1041 2418,1041 2416,1041 2399,1055 2369,1039 2367,1039 2365,1039 2363,1039 2328,1048 2284,1028 2282,1028 2146,1018 1981,1009 1978,1009 1976,1009 1974,1009 1946,1030 1916,1014 1914,1014 1912,1014 1845,1023 1843,1023 1826,1007 1826,1005 1824,1005 1822,1005 1820,1005 1762,1014 1677,1000 1665,1000"/>
        <Baseline points="1387,1060 1649,1055 2153,1067 2894,1129"/>
        <TextEquiv conf="0.9807833898358229">
          <Unicode>Il aueit entour gaules mainte terrede non</Unicode>
        </TextEquiv>
      </TextLine>

      
      
      <TextLine id="eSc_line_9519d85c" custom="structure {type:default;}">
        <Coords points="1493,1060 1491,1060 1488,1060 1445,1071 1419,1078 1410,1069 1405,1117 1403,1127 1454,1145 1456,1145 1458,1145 1461,1145 1463,1145 1463,1143 1474,1133 1534,1133 1580,1156 1583,1156 1585,1156 1587,1156 1633,1138 1642,1136 1654,1140 1702,1154 1705,1154 1707,1154 1778,1145 1820,1140 1829,1147 1847,1163 1847,1166 1849,1166 1852,1166 1854,1166 1930,1152 1976,1145 2001,1156 2004,1156 2006,1156 2008,1156 2024,1156 2174,1152 2277,1168 2356,1182 2358,1182 2360,1182 2379,1175 2397,1166 2422,1175 2441,1184 2443,1184 2445,1186 2616,1186 2669,1186 2669,1184 2671,1184 2673,1184 2689,1170 2717,1189 2719,1189 2722,1189 2809,1193 2814,1168 2814,1127 2376,1115 2367,1108 2360,1101 2358,1101 2356,1101 2353,1101 2294,1106 2245,1108 2238,1104 2231,1097 2231,1094 2229,1094 2227,1094 2225,1094 2222,1094 2220,1094 2208,1101 2202,1106 2188,1101 2130,1078 2128,1078 1946,1074 1944,1074 1942,1074 1939,1074 1919,1085 1909,1074 1907,1074 1907,1071 1905,1071 1902,1071 1856,1071 1854,1071 1852,1071 1849,1071 1849,1074 1836,1087 1831,1092 1824,1087 1810,1074 1810,1071 1808,1071 1806,1071 1803,1071 1801,1071 1783,1081 1751,1067 1748,1067 1649,1064 1647,1064 1645,1064 1642,1064 1642,1067 1629,1078 1626,1083 1569,1085 1539,1076 1495,1060 1493,1060"/>
        <Baseline points="1405,1117 2063,1131 2367,1156 2814,1168"/>
        <TextEquiv conf="0.985650581748862">
          <Unicode>Ponquestee par forche mise aeupetulion</Unicode>
        </TextEquiv>
      </TextLine>

      
      
      <TextLine id="eSc_line_abad04c8" custom="structure {type:default;}">
        <Coords points="2724,1168 2701,1166 2694,1166 2625,1175 2613,1175 2602,1173 2558,1161 2540,1161 2517,1161 2494,1161 2471,1161 2459,1159 2399,1163 2358,1166 2323,1161 2268,1152 2266,1152 2264,1152 2243,1156 2227,1161 2204,1154 2162,1143 2160,1143 2158,1143 2156,1143 2153,1143 2137,1152 2132,1156 2128,1152 2116,1143 2114,1143 2112,1143 2031,1138 2029,1138 2027,1138 1994,1145 1969,1152 1958,1145 1946,1136 1944,1136 1942,1136 1939,1136 1937,1136 1921,1143 1902,1150 1836,1138 1774,1129 1771,1129 1769,1129 1746,1133 1709,1143 1389,1120 1389,1168 1387,1182 1408,1193 1410,1193 1412,1193 1415,1193 1451,1184 1516,1198 1518,1198 1682,1193 1705,1193 1707,1193 1728,1205 1730,1205 1732,1205 1895,1202 1960,1202 1983,1207 2031,1216 2034,1216 2135,1214 2202,1212 2215,1216 2231,1223 2234,1223 2236,1223 2314,1221 2413,1219 2738,1239 2742,1216 2742,1175 2726,1168 2724,1168"/>
        <Baseline points="1389,1168 2742,1216"/>
        <TextEquiv conf="0.9631976992697329">
          <Unicode>uuis ne duroit a luy na se potfession</Unicode>
        </TextEquiv>
      </TextLine>

      
      
      <TextLine id="eSc_line_e8196051" custom="structure {type:default;}">
        <Coords points="2724,1216 2703,1216 2436,1219 2204,1212 2188,1198 2172,1198 2167,1196 2132,1207 2077,1193 2057,1193 2054,1193 2022,1207 1981,1189 1965,1189 1958,1189 1884,1202 1792,1184 1780,1184 1757,1182 1734,1182 1711,1182 1698,1179 1629,1179 1626,1179 1624,1179 1622,1179 1576,1193 1389,1175 1389,1232 1387,1248 1677,1253 1688,1260 1716,1274 1718,1274 1721,1274 1771,1262 1787,1260 1808,1265 1863,1278 1866,1278 1868,1278 1978,1269 2027,1267 2034,1271 2040,1278 2040,1281 2043,1281 2045,1281 2047,1281 2050,1281 2068,1274 2089,1265 2211,1278 2259,1283 2261,1283 2264,1283 2273,1281 2307,1271 2360,1283 2399,1292 2402,1292 2404,1292 2420,1285 2429,1281 2436,1285 2445,1294 2448,1294 2450,1294 2452,1294 2505,1288 2542,1285 2620,1292 2689,1299 2692,1299 2694,1299 2708,1297 2742,1285 2749,1294 2751,1294 2751,1297 2754,1297 2756,1297 2758,1297 2761,1297 2820,1288 2839,1301 2841,1301 2843,1301 2968,1304 2972,1269 2970,1214 2724,1214 2724,1216"/>
        <Baseline points="1389,1232 2114,1246 2512,1269 2972,1269"/>
        <TextEquiv conf="0.9892937753881726">
          <Unicode>Euy il ahert de guerre na uers luy gaeison</Unicode>
        </TextEquiv>
      </TextLine>

      
      
      <TextLine id="eSc_line_a1b5a353" custom="structure {type:default;}">
        <Coords points="2998,1281 1385,1248 1385,1290 1382,1306 1445,1327 1447,1327 1449,1327 1451,1327 1488,1311 1493,1311 1610,1329 1612,1329 1615,1329 1658,1315 1661,1315 1665,1315 1709,1334 1711,1334 1714,1336 1776,1336 1776,1334 1778,1334 1780,1334 1799,1320 1803,1317 1817,1322 1872,1336 1875,1336 1877,1336 2034,1329 2123,1324 2220,1334 2261,1338 2264,1338 2282,1336 2333,1329 2346,1338 2356,1347 2358,1347 2360,1347 2363,1347 2429,1340 2466,1338 2478,1343 2494,1350 2496,1350 2742,1354 2745,1354 2747,1354 2749,1354 2751,1352 2768,1343 2995,1359 3000,1331 3000,1315 2998,1281"/>
        <Baseline points="1385,1290 2179,1304 2473,1322 3000,1331"/>
        <TextEquiv conf="0.9768403224323107">
          <Unicode>Egrue ne soit pris ou mors sans auoir Raenchen</Unicode>
        </TextEquiv>
      </TextLine>

      
      
      <TextLine id="eSc_line_072c00fb" custom="structure {type:default;}">
        <Coords points="2843,1329 2827,1329 2804,1343 2800,1343 2620,1343 2574,1334 2512,1324 2498,1324 2475,1324 2452,1322 2445,1320 2406,1329 2379,1334 2367,1327 2344,1315 2342,1315 2340,1315 2257,1324 2245,1324 2231,1322 2165,1311 2162,1311 2114,1320 2063,1329 2015,1315 2011,1315 2008,1315 2006,1315 1992,1315 1872,1324 1826,1311 1824,1311 1822,1311 1718,1322 1686,1306 1677,1301 1675,1301 1672,1301 1652,1304 1610,1311 1539,1301 1523,1299 1520,1299 1518,1299 1516,1299 1488,1311 1394,1297 1394,1366 1392,1386 1468,1377 1557,1389 1560,1389 1562,1389 1599,1375 1622,1389 1624,1389 1626,1389 1629,1389 1711,1375 1884,1393 1886,1393 2038,1382 2073,1393 2075,1393 2077,1393 2268,1386 2317,1400 2319,1400 2321,1400 2323,1400 2349,1389 2427,1409 2429,1409 2432,1409 2436,1409 2593,1393 2611,1407 2611,1409 2613,1409 2616,1409 2618,1409 2710,1403 2726,1416 2728,1416 2731,1416 2733,1416 2735,1416 2738,1416 2765,1407 2945,1419 2949,1400 2949,1347 2848,1329 2843,1329"/>
        <Baseline points="1394,1366 2227,1366 2949,1400"/>
        <TextEquiv conf="0.9724289062546521">
          <Unicode>loubardie ont conquise bien pres oumoilon</Unicode>
        </TextEquiv>
      </TextLine>

      
      
      <TextLine id="eSc_line_ec6d7621" custom="structure {type:default;}">
        <Coords points="2728,1391 2705,1389 2682,1389 2659,1389 2298,1389 2296,1386 2273,1368 2271,1368 2268,1368 2248,1368 2225,1368 2202,1368 2179,1368 2156,1368 2142,1368 2139,1368 2137,1368 2091,1384 2075,1370 2075,1368 2073,1368 2070,1368 2063,1368 2040,1368 2017,1368 1999,1368 1997,1368 1994,1368 1992,1368 1967,1384 1829,1368 1810,1368 1787,1368 1767,1368 1520,1382 1484,1368 1465,1368 1461,1368 1373,1382 1373,1432 1371,1446 1433,1455 1435,1455 1497,1449 1594,1437 1645,1451 1649,1451 1652,1451 1654,1451 1656,1451 1658,1451 1679,1437 1767,1437 1783,1449 1785,1449 1787,1449 1790,1449 1792,1449 1794,1449 1813,1437 2024,1453 2082,1458 2084,1458 2086,1458 2096,1455 2142,1439 2190,1455 2197,1458 2199,1458 2202,1458 2215,1455 2275,1444 2294,1458 2296,1458 2298,1458 2300,1458 2310,1458 2390,1442 2418,1458 2420,1460 2422,1460 2425,1460 2427,1460 2429,1460 2434,1458 2457,1449 2738,1460 2742,1435 2740,1391 2728,1391"/>
        <Baseline points="1373,1432 1930,1421 2742,1435"/>
        <TextEquiv conf="0.9808463373699704">
          <Unicode>Sauoit castre assise elitour⁊ enuiron</Unicode>
        </TextEquiv>
      </TextLine>

      
      
      <TextLine id="eSc_line_27b77f23" custom="structure {type:default;}">
        <Coords points="2399,1430 2376,1430 2353,1430 2351,1428 2234,1435 2231,1435 2229,1435 2222,1442 2215,1446 2195,1442 2158,1430 2156,1430 2153,1430 2151,1430 2109,1442 2084,1449 1967,1449 1951,1439 1925,1430 1923,1430 1921,1430 1919,1430 1884,1439 1861,1446 1843,1439 1822,1432 1820,1432 1718,1432 1716,1432 1714,1432 1695,1439 1670,1449 1654,1439 1652,1437 1649,1437 1647,1437 1645,1437 1631,1439 1583,1449 1564,1439 1553,1432 1550,1432 1548,1432 1546,1432 1543,1432 1543,1435 1539,1439 1527,1449 1364,1439 1366,1492 1366,1508 1401,1522 1403,1522 1405,1522 1408,1522 1442,1508 1454,1506 1468,1508 1495,1517 1497,1517 1500,1517 1537,1511 1557,1504 1953,1504 1985,1513 2013,1520 2015,1520 2017,1520 2020,1520 2034,1513 2047,1504 2054,1513 2061,1517 2061,1520 2063,1520 2066,1520 2068,1520 2229,1513 2351,1508 2363,1513 2376,1520 2379,1520 2381,1520 2413,1513 2475,1501 2491,1515 2494,1515 2494,1517 2496,1517 2498,1517 2501,1517 2531,1515 2618,1504 2655,1515 2662,1517 2664,1517 2666,1517 2680,1515 2728,1506 2887,1515 2892,1485 2887,1444 2809,1428 2807,1428 2804,1428 2761,1442 2754,1444 2696,1442 2455,1432 2452,1432 2450,1432 2448,1432 2434,1442 2432,1444 2429,1442 2413,1430 2399,1430"/>
        <Baseline points="1366,1492 2892,1485"/>
        <TextEquiv conf="0.9759454915398046">
          <Unicode>Mes ncelle cslie dent ychy uous parlen</Unicode>
        </TextEquiv>
      </TextLine>

      
      
      <TextLine id="eSc_line_8080f5f7" custom="structure {type:default;}">
        <Coords points="2747,1488 2724,1488 2717,1488 2705,1497 2696,1504 2508,1504 2498,1501 2466,1488 2464,1488 2462,1488 2459,1488 2413,1501 2397,1506 2367,1501 2307,1494 2305,1494 2303,1494 2287,1504 2277,1508 2135,1508 2130,1506 2121,1497 2119,1497 2116,1497 2114,1497 2112,1497 2080,1506 2073,1508 2066,1506 2034,1494 2031,1494 2029,1494 2027,1494 2024,1494 2024,1497 2013,1506 2011,1508 1999,1508 1930,1499 1928,1499 1872,1508 1861,1511 1856,1508 1829,1499 1826,1499 1594,1497 1592,1497 1589,1497 1553,1513 1548,1515 1534,1513 1458,1501 1456,1501 1454,1501 1451,1501 1451,1504 1438,1515 1389,1499 1387,1499 1385,1499 1382,1499 1380,1499 1366,1508 1369,1559 1369,1577 1465,1589 1468,1589 1470,1589 1472,1589 1486,1577 1493,1573 1610,1570 1619,1577 1629,1584 1629,1586 1631,1586 1633,1586 1635,1589 1686,1589 1686,1586 1688,1586 1691,1586 1691,1584 1700,1577 1709,1570 1879,1570 1893,1577 1900,1582 1902,1582 1905,1582 1907,1582 1909,1582 1912,1582 1916,1577 1928,1568 1939,1577 1944,1580 1946,1580 1948,1580 1951,1580 1953,1580 1955,1580 1958,1577 1974,1566 2167,1566 2206,1575 2220,1580 2222,1580 2225,1580 2227,1580 2229,1580 2229,1577 2231,1575 2245,1566 2257,1575 2261,1580 2264,1580 2266,1580 2268,1582 2358,1582 2358,1580 2360,1580 2363,1580 2363,1577 2367,1575 2379,1566 2393,1575 2397,1580 2399,1580 2402,1580 2404,1580 2448,1575 2544,1563 2558,1575 2560,1575 2563,1575 2565,1575 2574,1575 2655,1563 2848,1573 2850,1543 2846,1497 2751,1488 2747,1488"/>
        <Baseline points="1369,1559 2850,1543"/>
        <TextEquiv conf="0.9929139032959938">
          <Unicode>Estoit sy bien murie et de celle faichon</Unicode>
        </TextEquiv>
      </TextLine>

      
      
      <TextLine id="eSc_line_7fdabc45" custom="structure {type:default;}">
        <Coords points="1767,1557 1744,1557 1721,1557 1714,1557 1711,1557 1709,1557 1647,1575 1599,1557 1596,1557 1594,1557 1592,1557 1589,1557 1564,1577 1502,1577 1484,1561 1481,1561 1479,1561 1477,1561 1375,1577 1378,1616 1378,1635 1445,1623 1491,1637 1516,1644 1518,1644 1520,1644 1523,1644 1541,1637 1553,1632 1560,1637 1573,1646 1576,1646 1578,1646 1580,1649 1746,1649 1746,1646 1748,1646 1751,1646 1762,1639 1780,1626 2284,1623 2323,1642 2330,1646 2333,1646 2335,1649 2487,1649 2487,1646 2489,1646 2494,1644 2514,1635 2600,1644 2618,1646 2620,1646 2632,1644 2747,1623 2777,1646 2779,1646 2781,1646 2784,1649 2952,1649 2954,1616 2952,1577 2857,1561 2855,1561 2853,1561 2850,1561 2825,1577 2372,1577 2344,1563 2342,1563 2340,1563 2287,1575 2266,1559 2266,1557 2264,1557 2261,1557 1914,1557 1912,1557 1847,1570 1829,1557 1826,1557 1824,1557 1790,1557 1767,1557"/>
        <Baseline points="1378,1616 2234,1607 2954,1616"/>
        <TextEquiv conf="0.9749721273779869">
          <Unicode>Rue in parres de murs trouuer y peniston</Unicode>
        </TextEquiv>
      </TextLine>

      
      
      <TextLine id="eSc_line_7712f681" custom="structure {type:default;}">
        <Coords points="1392,1676 1389,1690 1401,1701 1401,1704 1403,1704 1405,1704 1408,1704 1481,1690 1603,1708 1606,1708 1608,1708 1670,1692 1688,1688 1709,1692 1769,1706 1771,1706 1774,1706 1801,1695 1815,1688 1856,1695 1872,1697 1875,1697 1877,1697 1884,1695 1921,1685 1953,1697 1971,1704 1974,1704 1976,1704 1978,1704 2001,1697 2045,1685 2077,1699 2084,1701 2086,1701 2089,1701 2091,1701 2100,1699 2153,1685 2337,1685 2356,1699 2358,1699 2360,1699 2363,1699 2422,1692 2542,1708 2586,1713 2588,1713 2590,1713 2604,1708 2634,1699 2678,1711 2689,1713 2692,1713 2694,1715 2876,1715 2878,1683 2876,1635 2738,1635 2735,1632 2722,1621 2719,1621 2717,1621 2715,1621 2712,1621 2673,1632 2669,1632 2666,1632 2646,1616 2643,1616 2641,1616 2639,1616 2636,1616 2634,1616 2613,1630 2611,1632 2602,1630 2533,1614 2531,1614 2452,1630 2429,1632 2406,1628 2360,1621 2358,1621 2356,1621 2337,1628 2326,1632 2321,1628 2305,1614 2303,1614 2300,1614 2298,1614 2160,1626 2132,1628 2128,1626 2116,1614 2114,1614 2112,1614 1932,1614 1930,1614 1928,1614 1925,1614 1925,1616 1916,1623 1905,1632 1872,1623 1840,1614 1838,1614 1836,1614 1833,1614 1813,1623 1785,1635 1472,1635 1392,1619 1392,1676"/>
        <Baseline points="1392,1676 2372,1669 2878,1683"/>
        <TextEquiv conf="0.9754624778316134">
          <Unicode>y amiraux de lastre dt le aier moilt felon</Unicode>
        </TextEquiv>
      </TextLine>

      
      
      <TextLine id="eSc_line_94f39485" custom="structure {type:default;}">
        <Coords points="1707,1676 1474,1692 1454,1678 1451,1678 1449,1678 1447,1678 1445,1678 1412,1690 1369,1676 1366,1729 1366,1747 1488,1745 1497,1750 1516,1766 1518,1766 1520,1766 1523,1766 1580,1752 1594,1750 1615,1752 1698,1766 1700,1766 1767,1754 1787,1752 1810,1757 1863,1766 1866,1766 1868,1766 1893,1757 1925,1745 1942,1759 1948,1764 1951,1764 1953,1764 1955,1764 1958,1764 1971,1759 1981,1754 1990,1759 2008,1766 2011,1766 2013,1766 2015,1766 2017,1766 2017,1764 2024,1759 2034,1750 2050,1759 2054,1764 2057,1764 2059,1764 2061,1764 2063,1764 2077,1759 2128,1745 2146,1759 2146,1761 2149,1761 2151,1761 2211,1766 2213,1766 2215,1766 2218,1766 2218,1764 2220,1761 2238,1745 2291,1764 2294,1764 2296,1764 2298,1764 2300,1764 2303,1764 2319,1747 2386,1745 2508,1766 2510,1729 2508,1681 2379,1692 2356,1678 2349,1676 2346,1676 2344,1676 2317,1678 2252,1688 2222,1678 2213,1676 2211,1676 2208,1676 2206,1676 2204,1676 2202,1678 2190,1688 2158,1678 2149,1676 2146,1676 2144,1676 2142,1676 2132,1678 2086,1692 2047,1678 2043,1676 2040,1676 2038,1676 2036,1676 2034,1676 2034,1678 2017,1695 1753,1695 1737,1678 1737,1676 1734,1676 1732,1676 1730,1676 1711,1676 1707,1676"/>
        <Baseline points="1366,1729 2510,1729"/>
        <TextEquiv conf="0.9924230501055717">
          <Unicode>Su rois etalun en se chitede non</Unicode>
        </TextEquiv>
      </TextLine>

      
      
      <TextLine id="eSc_line_fdcdccaa" custom="structure {type:default;}">
        <Coords points="1599,1731 1596,1731 1594,1731 1592,1731 1580,1734 1509,1752 1362,1729 1362,1787 1359,1798 1412,1812 1415,1812 1417,1812 1442,1800 1451,1798 1532,1798 1537,1803 1550,1816 1550,1819 1553,1819 1555,1819 1557,1821 1557,1819 1560,1819 1562,1819 1562,1816 1573,1805 1606,1805 1675,1805 1686,1807 1737,1823 1739,1823 1741,1823 1744,1823 1771,1810 1787,1803 1886,1812 1930,1816 1932,1816 1965,1814 2089,1805 2130,1819 2156,1828 2158,1828 2160,1828 2162,1828 2165,1828 2174,1821 2192,1807 2264,1807 2326,1823 2333,1826 2335,1826 2505,1833 2508,1833 2574,1830 2577,1830 2579,1830 2579,1828 2593,1816 2609,1830 2609,1833 2611,1833 2613,1833 2616,1835 2703,1835 2705,1807 2703,1766 2646,1766 2643,1764 2623,1745 2620,1745 2618,1745 2616,1745 2613,1745 2611,1745 2586,1761 2579,1764 2464,1764 2455,1759 2427,1741 2425,1741 2422,1741 2420,1741 2418,1741 2365,1754 2351,1759 2344,1754 2321,1741 2319,1741 2317,1741 2314,1741 2227,1752 2199,1754 2160,1750 2066,1738 2063,1738 2061,1738 2040,1747 2015,1757 1946,1745 1886,1734 1884,1734 1882,1734 1879,1734 1868,1743 1852,1752 1840,1743 1840,1741 1838,1741 1836,1741 1833,1741 1831,1741 1829,1741 1790,1754 1767,1743 1764,1743 1762,1743 1760,1743 1737,1754 1647,1741 1645,1741 1642,1741 1640,1741 1629,1750 1606,1734 1601,1731 1599,1731"/>
        <Baseline points="1362,1787 2259,1791 2705,1807"/>
        <TextEquiv conf="0.9833875706321314">
          <Unicode>Rui estoient estrait tout de se nasion</Unicode>
        </TextEquiv>
      </TextLine>

      
      
      <TextLine id="eSc_line_87926ad4" custom="structure {type:default;}">
        <Coords points="1382,1842 1380,1858 1507,1869 1509,1869 1511,1869 1534,1862 1560,1856 1601,1865 1642,1872 1645,1872 1672,1865 1709,1858 1757,1867 1783,1872 1785,1872 1787,1872 1799,1869 1829,1860 2006,1860 2024,1874 2027,1876 2029,1876 2031,1876 2034,1876 2057,1874 2137,1865 2158,1876 2160,1879 2162,1879 2165,1879 2167,1879 2195,1879 2321,1869 2344,1881 2346,1881 2349,1881 2351,1881 2397,1869 2466,1883 2480,1885 2694,1888 2699,1869 2696,1826 2381,1821 2376,1816 2367,1807 2365,1807 2363,1807 2360,1807 2358,1807 2328,1814 2319,1816 2312,1814 2275,1798 2273,1798 2271,1798 2268,1798 2218,1812 2206,1814 2192,1810 2144,1796 2142,1796 1955,1793 1953,1793 1951,1793 1923,1803 1909,1807 1859,1800 1780,1791 1778,1791 1732,1798 1668,1807 1638,1796 1633,1793 1631,1793 1629,1793 1612,1793 1514,1805 1382,1789 1382,1842"/>
        <Baseline points="1382,1842 2206,1849 2699,1869"/>
        <TextEquiv conf="0.986861561025892">
          <Unicode>Encontre choeml dessendent lerroion</Unicode>
        </TextEquiv>
      </TextLine>

      
      
      <TextLine id="eSc_line_2796c458" custom="structure {type:default;}">
        <Coords points="2427,1858 2390,1867 2363,1874 2342,1867 2312,1856 2310,1856 1868,1849 1866,1849 1863,1849 1845,1853 1820,1862 1792,1853 1771,1846 1769,1846 1767,1846 1721,1851 1640,1860 1382,1844 1382,1904 1380,1918 1415,1934 1417,1934 1419,1934 1500,1922 1502,1922 1507,1922 1573,1934 1576,1934 1578,1934 1601,1925 1612,1920 1691,1927 1803,1938 1806,1938 1843,1931 1882,1925 2119,1925 2146,1938 2149,1938 2151,1938 2296,1929 2326,1945 2330,1950 2333,1950 2335,1950 2337,1950 2340,1950 2349,1948 2379,1934 2503,1952 2517,1952 2519,1952 2521,1952 2524,1952 2537,1943 2648,1954 2685,1959 2687,1959 2689,1959 2696,1957 2726,1945 2883,1961 2887,1934 2885,1881 2827,1883 2811,1879 2774,1865 2772,1865 2770,1865 2701,1876 2662,1881 2613,1874 2588,1869 2586,1869 2547,1872 2473,1876 2459,1869 2441,1860 2427,1858"/>
        <Baseline points="1382,1904 2107,1908 2887,1934"/>
        <TextEquiv conf="0.9879715144634247">
          <Unicode>t le noble chite que prendre ne puiton</Unicode>
        </TextEquiv>
      </TextLine>

      
      
      <TextLine id="eSc_line_0b340f21" custom="structure {type:default;}">
        <Coords points="2445,1920 2429,1920 2418,1931 2416,1934 2340,1934 2330,1929 2305,1918 2303,1918 2300,1918 2236,1929 2222,1931 2211,1929 2174,1918 2172,1918 2169,1918 2167,1918 2128,1929 2116,1931 2109,1929 2077,1913 2075,1913 1944,1911 1942,1911 1939,1911 1900,1925 1886,1913 1886,1911 1884,1911 1882,1911 1879,1911 1801,1922 1725,1911 1723,1911 1721,1911 1679,1925 1675,1925 1665,1925 1537,1908 1534,1908 1465,1922 1463,1922 1440,1906 1433,1906 1421,1906 1387,1918 1387,1966 1385,1987 1456,1975 1479,1991 1481,1991 1484,1991 1486,1991 1504,1991 1760,1980 1778,1991 1780,1991 1783,1991 1785,1991 1914,1982 1951,1996 1953,1996 1955,1996 2176,1987 2199,2000 2202,2000 2204,2000 2206,2000 2208,2000 2241,1989 2273,2003 2275,2003 2277,2003 2280,2003 2291,2003 2356,1991 2367,2000 2367,2003 2369,2003 2372,2003 2600,2005 2604,1980 2600,1934 2510,1936 2491,1931 2450,1920 2445,1920"/>
        <Baseline points="1387,1966 1854,1964 2604,1980"/>
        <TextEquiv conf="0.983363573891776">
          <Unicode>i chitemes y at dessons pre a laron</Unicode>
        </TextEquiv>
      </TextLine>

      
      
      <TextLine id="eSc_line_000afb9f" custom="structure {type:default;}">
        <Coords points="2197,1973 2195,1973 2192,1973 2031,1987 1965,1973 1962,1973 1960,1973 1958,1973 1937,1987 1909,1971 1907,1971 1905,1971 1902,1971 1900,1971 1884,1984 1863,1971 1861,1971 1859,1971 1792,1971 1790,1971 1787,1971 1785,1971 1764,1984 1580,1971 1578,1971 1576,1971 1573,1971 1557,1984 1546,1984 1468,1984 1468,1982 1451,1968 1449,1968 1447,1968 1445,1968 1327,1980 1327,2028 1325,2046 1656,2040 1799,2056 1829,2058 1831,2058 1847,2056 1925,2042 1946,2058 1948,2060 1951,2060 1953,2060 1955,2063 2075,2063 2075,2060 2086,2058 2160,2044 2197,2060 2204,2063 2206,2063 2208,2065 2388,2065 2388,2063 2390,2063 2416,2051 2475,2063 2480,2030 2478,1994 2397,1980 2395,1980 2271,1987 2259,1977 2259,1975 2257,1975 2254,1975 2252,1975 2250,1975 2213,1989 2202,1975 2199,1975 2199,1973 2197,1973"/>
        <Baseline points="1327,2028 1642,2019 2480,2030"/>
        <TextEquiv conf="0.9785582947008538">
          <Unicode>aar ou on issoit horla se demsion</Unicode>
        </TextEquiv>
      </TextLine>

      
      
      <TextLine id="eSc_line_a20835bf" custom="structure {type:default;}">
        <Coords points="3021,2051 2899,2051 2894,2049 2869,2035 2867,2035 2864,2035 2862,2035 2816,2049 2809,2049 2793,2049 2685,2035 2682,2035 2632,2046 2618,2049 2602,2046 2551,2035 2549,2035 2547,2035 2526,2044 2517,2051 1994,2051 1921,2040 1900,2037 1898,2037 1895,2037 1893,2037 1891,2040 1875,2049 1852,2040 1847,2037 1845,2037 1564,2035 1562,2035 1553,2035 1474,2049 1364,2035 1364,2086 1364,2113 1578,2106 1592,2116 1596,2120 1599,2120 1601,2120 1603,2122 1707,2122 1707,2120 1728,2116 1769,2106 1780,2116 1785,2120 1787,2120 1790,2120 1792,2122 1870,2122 1870,2120 1919,2116 2036,2106 2057,2118 2063,2120 2066,2120 2068,2122 2280,2122 2280,2120 2291,2118 2344,2106 2406,2118 2418,2120 2420,2120 2445,2118 2590,2106 2662,2120 2669,2120 2671,2120 2673,2120 2676,2120 2715,2106 2800,2118 2802,2118 2804,2118 2855,2106 3030,2120 3034,2095 3030,2070 3021,2051"/>
        <Baseline points="1364,2086 2751,2086 3034,2095"/>
        <TextEquiv conf="0.9838603605394778">
          <Unicode>Que chide hors nen sceuent le moute dun bonton</Unicode>
        </TextEquiv>
      </TextLine>

      
      
      <TextLine id="eSc_line_dbdf5c07" custom="structure {type:default;}">
        <Coords points="2823,2090 2498,2090 2496,2090 2494,2090 2491,2090 2491,2093 2489,2095 2480,2102 2383,2095 2317,2093 2314,2093 2312,2093 2298,2097 2280,2104 2183,2099 2103,2095 2100,2095 2098,2095 2084,2099 2068,2106 2027,2102 1971,2095 1969,2095 1872,2104 1810,2109 1686,2106 1375,2099 1373,2099 1304,2111 1306,2152 1306,2173 1343,2168 1352,2175 1362,2185 1364,2185 1366,2185 1369,2187 1424,2187 1424,2185 1426,2185 1451,2175 1472,2168 1484,2175 1497,2185 1500,2185 1502,2185 1504,2185 1560,2175 1612,2166 1624,2175 1631,2180 1631,2182 1633,2182 1635,2182 1638,2182 1640,2182 1658,2175 1672,2171 1688,2175 1714,2182 1716,2182 1718,2182 1721,2182 1734,2175 1751,2166 1776,2175 1785,2178 1787,2178 1790,2178 1792,2178 1801,2175 1831,2164 1861,2175 1875,2180 1877,2180 1879,2180 1935,2175 2011,2166 2036,2173 2054,2180 2057,2180 2059,2180 2061,2180 2063,2180 2070,2173 2086,2162 2100,2173 2105,2178 2107,2178 2109,2178 2112,2180 2227,2180 2227,2178 2229,2178 2241,2173 2273,2162 2310,2173 2323,2178 2326,2178 2328,2178 2351,2173 2416,2159 2450,2173 2452,2173 2455,2173 2457,2173 2459,2173 2462,2173 2462,2171 2475,2159 2549,2159 2574,2173 2577,2175 2579,2175 2581,2175 2583,2175 2586,2175 2593,2173 2627,2157 2841,2171 2843,2139 2839,2090 2823,2090"/>
        <Baseline points="1306,2152 2843,2139"/>
        <TextEquiv conf="0.9930371784028553">
          <Unicode>Or diray du uarlet qui portoit lenfaunchon</Unicode>
        </TextEquiv>
      </TextLine>

      
      
      <TextLine id="eSc_line_383b72f9" custom="structure {type:default;}">
        <Coords points="1371,2214 1373,2247 1415,2235 1463,2247 1472,2247 1474,2247 1477,2247 1479,2247 1514,2228 1638,2237 1640,2237 1642,2237 1645,2237 1645,2235 1656,2226 1741,2235 1744,2235 1813,2224 1900,2237 1912,2240 1914,2240 1916,2240 1921,2237 1962,2224 2017,2237 2024,2237 2027,2237 2029,2237 2034,2237 2073,2221 2156,2233 2158,2233 2277,2219 2294,2233 2296,2233 2298,2233 2300,2233 2303,2233 2305,2233 2328,2219 2397,2228 2399,2228 2595,2210 2731,2224 2733,2191 2726,2145 1369,2168 1371,2214"/>
        <Baseline points="1371,2214 2733,2191"/>
        <TextEquiv conf="0.9770658284425735">
          <Unicode>dedeus une forest ou lot mainte biussois</Unicode>
        </TextEquiv>
      </TextLine>

      
      
      <TextLine id="eSc_line_0e46e02a" custom="structure {type:default;}">
        <Coords points="1313,2290 1313,2304 1518,2311 1520,2311 1523,2311 1537,2304 1546,2300 1695,2304 1730,2304 1732,2304 1734,2304 1737,2304 1764,2293 1900,2304 1921,2304 1923,2304 1925,2304 1928,2304 1953,2290 1978,2304 1994,2311 1997,2311 1999,2311 2114,2309 2116,2309 2130,2302 2153,2293 2199,2302 2231,2309 2234,2309 2236,2309 2252,2302 2287,2286 2312,2302 2314,2304 2317,2304 2319,2304 2376,2306 2379,2306 2381,2306 2383,2306 2390,2302 2425,2281 2462,2281 2489,2302 2491,2304 2494,2304 2496,2304 2498,2304 2618,2302 2620,2302 2623,2302 2650,2281 2754,2300 2756,2258 2749,2214 2600,2217 2593,2217 2547,2203 2544,2203 2542,2203 2540,2203 2489,2217 2482,2219 2466,2219 2356,2208 2353,2208 2351,2208 2314,2221 2312,2221 2310,2221 2273,2208 2271,2208 2268,2208 2266,2208 2229,2221 2174,2210 2172,2210 2093,2226 2084,2226 2080,2226 2045,2212 2043,2212 2040,2212 2038,2212 1999,2226 1992,2228 1967,2226 1863,2219 1861,2219 1813,2231 1806,2231 1799,2231 1721,2217 1718,2217 1716,2217 1670,2233 1665,2233 1649,2233 1488,2221 1486,2221 1484,2221 1481,2221 1461,2235 1461,2237 1311,2237 1313,2290"/>
        <Baseline points="1313,2290 1682,2272 2756,2258"/>
        <TextEquiv conf="0.9945593323463049">
          <Unicode>Sen baty ly uarles̃sur le destre gascon</Unicode>
        </TextEquiv>
      </TextLine>

      
      
      <TextLine id="eSc_line_9295e2cc" custom="structure {type:default;}">
        <Coords points="1373,2352 1373,2375 2043,2375 2043,2373 2045,2373 2047,2373 2047,2371 2059,2362 2376,2371 2413,2371 2416,2371 2427,2371 2533,2359 2687,2369 2692,2341 2687,2302 2590,2286 2588,2286 2517,2300 2496,2283 2496,2281 2494,2281 2491,2281 2489,2281 2487,2281 2432,2300 2420,2304 2321,2304 2312,2297 2289,2283 2287,2283 2284,2283 2282,2283 2199,2297 2156,2306 2024,2306 2008,2295 1994,2286 1992,2286 1990,2286 1988,2286 1985,2286 1965,2295 1948,2304 1932,2295 1921,2290 1919,2290 1916,2290 1914,2290 1895,2295 1870,2302 1838,2295 1806,2288 1803,2288 1801,2288 1799,2288 1792,2295 1778,2304 1767,2295 1760,2290 1760,2288 1757,2288 1755,2288 1753,2288 1751,2288 1732,2295 1691,2309 1622,2309 1594,2293 1587,2290 1585,2290 1583,2290 1371,2290 1373,2352"/>
        <Baseline points="1373,2352 2692,2341"/>
        <TextEquiv conf="0.995206743478775">
          <Unicode>trouua mourdereu ase malaichon</Unicode>
        </TextEquiv>
      </TextLine>

      
      
      <TextLine id="eSc_line_afa93de7" custom="structure {type:default;}">
        <Coords points="2531,2343 2485,2352 2457,2359 2429,2352 2402,2346 2386,2346 2376,2346 2342,2352 2298,2362 2243,2352 2222,2350 2220,2350 2218,2350 2211,2352 2199,2359 2195,2352 2190,2350 2190,2348 2188,2348 2185,2348 2183,2348 2181,2348 2179,2348 2172,2352 2158,2362 2059,2352 2050,2352 2047,2352 2045,2352 2022,2364 1921,2355 1919,2355 1822,2366 1808,2355 1806,2355 1803,2355 1801,2355 1741,2366 1723,2352 1723,2350 1721,2350 1718,2350 1695,2350 1672,2350 1670,2350 1668,2350 1665,2350 1663,2352 1642,2366 1585,2352 1583,2352 1580,2352 1578,2352 1576,2352 1576,2355 1557,2371 1486,2371 1451,2352 1449,2352 1442,2352 1419,2352 1396,2352 1373,2352 1375,2410 1375,2435 1497,2428 1546,2435 1617,2449 1619,2449 1622,2449 1624,2449 1642,2435 1661,2426 1776,2426 1801,2435 1826,2447 1829,2447 1831,2449 1831,2447 1833,2447 1859,2435 1884,2426 1921,2435 1948,2444 1951,2444 1953,2447 2114,2447 2114,2444 2116,2444 2132,2435 2142,2433 2162,2435 2185,2440 2188,2440 2190,2440 2192,2440 2195,2435 2208,2426 2271,2435 2310,2442 2312,2442 2314,2442 2328,2435 2365,2421 2531,2428 2533,2428 2606,2417 2657,2417 2676,2431 2676,2433 2678,2433 2680,2433 2857,2435 2860,2392 2857,2355 2738,2341 2735,2341 2733,2341 2708,2352 2703,2355 2696,2352 2664,2346 2662,2346 2659,2346 2618,2352 2597,2357 2577,2352 2533,2343 2531,2343"/>
        <Baseline points="1375,2410 2126,2410 2551,2392 2860,2392"/>
        <TextEquiv conf="0.9872356592080532">
          <Unicode>Qui cheluy outeullois entoir et enuiron</Unicode>
        </TextEquiv>
      </TextLine>

      
      
      <TextLine id="eSc_line_b08ca1fd" custom="structure {type:default;}">
        <Coords points="2972,2424 2963,2419 2906,2417 2903,2417 2901,2417 2885,2421 2832,2435 2811,2421 2811,2419 2809,2419 2807,2419 2804,2419 2802,2419 2795,2421 2765,2431 2738,2421 2731,2419 2728,2419 2726,2419 2724,2419 2719,2421 2696,2433 2673,2421 2664,2417 2662,2417 2659,2417 2657,2417 2643,2421 2625,2428 2613,2421 2604,2415 2602,2415 2600,2415 2326,2415 2323,2415 2321,2415 2305,2421 2275,2438 2176,2424 2146,2419 2144,2419 2142,2419 2132,2424 2105,2435 2013,2424 2011,2424 2008,2424 2006,2424 1935,2435 1916,2424 1909,2417 1907,2417 1905,2417 1902,2417 1900,2417 1898,2417 1889,2424 1879,2431 1868,2424 1859,2419 1856,2419 1854,2419 1852,2419 1833,2424 1794,2435 1709,2435 1691,2424 1684,2419 1682,2419 1679,2419 1677,2419 1675,2419 1663,2424 1642,2433 1387,2426 1387,2463 1387,2500 1511,2488 1532,2502 1534,2502 1537,2502 1539,2502 1541,2502 1543,2502 1576,2490 1714,2502 1718,2502 1721,2502 1723,2502 1725,2502 1744,2488 1794,2488 1810,2502 1810,2504 1813,2504 1815,2504 1817,2504 1843,2504 1997,2493 2077,2504 2082,2504 2084,2504 2086,2504 2181,2490 2241,2507 2245,2507 2248,2507 2250,2507 2287,2507 2588,2493 2623,2504 2625,2504 2627,2504 2719,2495 2991,2509 2995,2481 2993,2428 2972,2424"/>
        <Baseline points="1387,2463 1838,2474 2636,2470 2995,2481"/>
        <TextEquiv conf="0.9556247167289257">
          <Unicode>quant chieux les uit uemrle unt mur abõ</Unicode>
        </TextEquiv>
      </TextLine>

      
      
      <TextLine id="eSc_line_f7de4709" custom="structure {type:default;}">
        <Coords points="1375,2534 1378,2564 1438,2550 1569,2562 1571,2562 1573,2562 1624,2550 1824,2562 1838,2562 1840,2562 1843,2562 1845,2562 1879,2550 1898,2562 1900,2562 1902,2562 1905,2562 1907,2562 1909,2562 1909,2559 1923,2548 1967,2559 1969,2559 1971,2559 2057,2546 2312,2557 2314,2557 2317,2557 2319,2557 2319,2555 2330,2546 2351,2557 2353,2557 2356,2557 2358,2559 2390,2559 2441,2559 2441,2557 2443,2557 2445,2557 2445,2555 2459,2543 2526,2553 2528,2553 2531,2553 2533,2553 2547,2541 2747,2555 2751,2523 2745,2479 2625,2486 2613,2479 2602,2474 2600,2474 2597,2474 2595,2474 2577,2481 2554,2488 2517,2481 2473,2474 2471,2474 2420,2484 2379,2490 2351,2484 2321,2477 2319,2477 2317,2477 2314,2477 2296,2486 2284,2493 2169,2493 2158,2488 2137,2479 2135,2479 2132,2479 2130,2479 2128,2479 2128,2481 2119,2488 2114,2495 2022,2495 2011,2490 1971,2479 1969,2479 1967,2479 1893,2493 1872,2495 1852,2493 1767,2481 1764,2481 1658,2495 1642,2497 1624,2497 1470,2484 1468,2484 1373,2500 1375,2534"/>
        <Baseline points="1375,2534 2751,2523"/>
        <TextEquiv conf="0.973814994841814">
          <Unicode>enfant ietre aterue qui re ta piteux son</Unicode>
        </TextEquiv>
      </TextLine>

      
      
      <TextLine id="eSc_line_cf0b3c22" custom="structure {type:default;}">
        <Coords points="1366,2596 1366,2624 1592,2612 1608,2622 1608,2624 1610,2624 1612,2624 1615,2624 1638,2622 1705,2615 1744,2622 1780,2626 1783,2626 1785,2626 1801,2619 1829,2610 1845,2619 1854,2626 1856,2626 1859,2626 1861,2626 1863,2626 1884,2619 1921,2608 1981,2617 2017,2624 2020,2624 2022,2624 2036,2617 2061,2605 2075,2617 2080,2622 2082,2622 2084,2622 2086,2622 2222,2617 2225,2617 2227,2617 2227,2615 2238,2605 2310,2615 2356,2619 2358,2619 2409,2612 2526,2599 2627,2610 2664,2615 2666,2615 2669,2615 2678,2610 2705,2596 2809,2608 2811,2578 2804,2532 2740,2543 2708,2532 2703,2532 2701,2532 2699,2532 2696,2532 2694,2532 2676,2546 2597,2534 2570,2532 2567,2532 2565,2532 2554,2536 2521,2548 2491,2536 2485,2534 2482,2534 2480,2534 2478,2534 2466,2536 2434,2548 2314,2541 2250,2536 2248,2536 2245,2536 2227,2541 2188,2553 2156,2543 2137,2539 2135,2539 2132,2539 2130,2539 2128,2539 2123,2543 2109,2555 1978,2555 1958,2548 1942,2541 1939,2541 1937,2541 1895,2548 1843,2557 1801,2550 1760,2543 1757,2543 1755,2543 1723,2553 1693,2559 1670,2553 1649,2546 1647,2546 1645,2546 1364,2557 1366,2596"/>
        <Baseline points="1366,2596 2015,2596 2811,2578"/>
        <TextEquiv conf="0.9637344434857369">
          <Unicode>uis atraite lespee que ly derit augleroy</Unicode>
        </TextEquiv>
      </TextLine>

      
      
      <TextLine id="eSc_line_6e16cab6" custom="structure {type:default;}">
        <Coords points="2109,2594 2109,2596 2103,2601 2089,2612 2034,2601 2024,2601 2022,2601 2011,2601 1942,2615 1868,2603 1838,2599 1836,2599 1810,2603 1746,2617 1718,2603 1711,2601 1709,2601 1707,2601 1705,2601 1695,2603 1658,2617 1523,2605 1491,2603 1488,2603 1486,2603 1484,2603 1481,2605 1458,2619 1438,2605 1433,2656 1433,2679 1571,2688 1573,2688 1635,2679 1670,2674 1679,2679 1702,2691 1705,2691 1707,2691 1792,2679 1829,2674 1863,2679 1944,2688 1946,2688 2043,2677 2130,2668 2190,2677 2234,2684 2236,2684 2294,2677 2376,2665 2427,2677 2457,2681 2459,2681 2462,2681 2480,2677 2524,2663 2588,2674 2613,2679 2616,2679 2618,2679 2627,2674 2653,2661 2701,2674 2703,2674 2705,2674 2710,2674 2807,2658 3028,2672 3032,2638 3030,2596 2977,2582 2975,2582 2972,2582 2899,2596 2873,2601 2860,2596 2825,2585 2823,2585 2820,2585 2818,2585 2816,2585 2800,2596 2793,2603 2740,2603 2719,2596 2685,2587 2682,2587 2680,2587 2678,2587 2639,2599 2611,2605 2602,2599 2593,2589 2590,2589 2588,2589 2586,2589 2540,2599 2514,2603 2496,2599 2464,2589 2462,2589 2459,2589 2457,2589 2436,2599 2416,2610 2275,2610 2252,2601 2234,2594 2231,2594 2229,2594 2227,2594 2204,2601 2174,2610 2142,2601 2119,2594 2109,2594"/>
        <Baseline points="1433,2656 2054,2656 3032,2638"/>
        <TextEquiv conf="0.9843787010325942">
          <Unicode>fiert pourluy deffendre a forche et abandon</Unicode>
        </TextEquiv>
      </TextLine>

      
      
      <TextLine id="eSc_line_5107c092" custom="structure {type:default;}">
        <Coords points="2386,2651 2383,2651 2381,2651 2379,2651 2372,2654 2330,2670 2211,2661 2208,2661 2206,2661 2183,2672 2098,2656 2082,2656 2070,2656 1967,2677 1868,2677 1838,2661 1836,2661 1833,2661 1831,2661 1787,2674 1764,2661 1762,2661 1760,2661 1757,2661 1755,2661 1700,2677 1677,2658 1675,2658 1672,2658 1670,2658 1668,2658 1626,2677 1325,2661 1325,2709 1325,2730 1514,2743 1516,2743 1569,2732 1578,2730 1583,2732 1624,2750 1626,2750 1629,2750 1939,2748 1942,2748 1994,2732 2022,2725 2047,2732 2093,2746 2096,2746 2098,2746 2222,2732 2238,2732 2245,2732 2280,2743 2282,2743 2284,2743 2287,2743 2289,2743 2300,2732 2303,2730 2305,2732 2321,2743 2323,2743 2326,2743 2328,2746 2404,2746 2404,2743 2406,2743 2427,2734 2445,2725 2471,2734 2475,2734 2478,2734 2480,2734 2489,2734 2549,2720 2577,2734 2583,2737 2586,2737 2588,2737 2604,2734 2676,2718 2758,2718 2807,2734 2820,2739 2823,2739 2825,2739 2827,2739 2830,2739 2834,2734 2864,2716 2922,2716 2961,2734 2965,2688 2959,2651 2413,2668 2390,2654 2388,2651 2386,2651"/>
        <Baseline points="1325,2709 2229,2714 2965,2688"/>
        <TextEquiv conf="0.9857412754221165">
          <Unicode>Mel ychil estoient ui qui estoient cou paiggnon</Unicode>
        </TextEquiv>
      </TextLine>

      
      
      <TextLine id="eSc_line_e69f03d5" custom="structure {type:default;}">
        <Coords points="1479,2771 1479,2806 1737,2787 1990,2801 1992,2801 2068,2785 2096,2799 2098,2799 2100,2801 2248,2801 2250,2801 2250,2799 2323,2783 2445,2794 2448,2794 2570,2780 2620,2794 2623,2794 2625,2794 2627,2794 2657,2780 2673,2794 2676,2794 2678,2794 2680,2796 2765,2796 2768,2760 2763,2716 2602,2714 2600,2714 2586,2716 2535,2727 2455,2716 2439,2716 2436,2716 2434,2716 2432,2716 2432,2718 2418,2730 2305,2720 2303,2720 2248,2732 2202,2718 2197,2718 2195,2718 2192,2718 2185,2718 2121,2732 2050,2720 2034,2718 2031,2718 2017,2720 1951,2734 1723,2723 1714,2723 1711,2723 1709,2723 1707,2723 1688,2737 1477,2725 1479,2771"/>
        <Baseline points="1479,2771 2768,2760"/>
        <TextEquiv conf="0.9913258034931985">
          <Unicode>uarlet out mourdry sans ma ariesti son</Unicode>
        </TextEquiv>
      </TextLine>

      
      
      <TextLine id="eSc_line_9f9ad440" custom="structure {type:default;}">
        <Coords points="1412,2822 1412,2849 1606,2842 1661,2852 1709,2858 1711,2858 1753,2852 1792,2845 1826,2852 1849,2856 1852,2856 1854,2856 1866,2852 1893,2840 1921,2852 1923,2852 1925,2852 1930,2852 1994,2840 2011,2852 2017,2858 2020,2858 2022,2858 2024,2861 2086,2861 2086,2858 2089,2858 2091,2858 2098,2852 2109,2845 2126,2852 2139,2858 2142,2858 2144,2858 2146,2858 2162,2852 2199,2840 2261,2854 2271,2854 2273,2854 2275,2854 2277,2854 2296,2840 2390,2854 2418,2856 2420,2856 2422,2856 2425,2856 2425,2854 2427,2854 2439,2842 2450,2852 2452,2852 2455,2852 2457,2852 2531,2838 2558,2854 2560,2854 2563,2854 2648,2856 2650,2856 2653,2856 2655,2856 2657,2854 2685,2835 2758,2835 2807,2854 2814,2815 2807,2771 2756,2780 2738,2771 2731,2769 2728,2769 2726,2769 2724,2769 2717,2771 2689,2783 2646,2773 2634,2771 2632,2771 2630,2771 2627,2771 2625,2773 2606,2785 2560,2773 2544,2771 2542,2771 2540,2771 2531,2773 2508,2785 2489,2776 2485,2771 2482,2771 2480,2771 2399,2771 2397,2771 2395,2771 2374,2776 2344,2785 2326,2778 2310,2771 2307,2771 2305,2771 2303,2771 2277,2778 2243,2787 2091,2780 1925,2773 1923,2773 1861,2785 1826,2792 1709,2792 1700,2787 1679,2776 1677,2776 1675,2776 1615,2787 1603,2789 1596,2787 1564,2776 1562,2776 1560,2776 1410,2789 1412,2822"/>
        <Baseline points="1412,2822 2093,2831 2814,2815"/>
        <TextEquiv conf="0.9786408558487892">
          <Unicode>ont quit lont desuestu ersamble ly selon</Unicode>
        </TextEquiv>
      </TextLine>

      
      
      <TextLine id="eSc_line_19beb788" custom="structure {type:default;}">
        <Coords points="1318,2875 1309,2994 1352,2994 1355,2989 1369,2989 1380,2879 1380,2824 1320,2829 1318,2875"/>
        <Baseline points="1318,2875 1380,2879"/>
        <TextEquiv conf="0.9503459930419922">
          <Unicode>U</Unicode>
        </TextEquiv>
      </TextLine>

      
      
      <TextLine id="eSc_line_db591ed7" custom="structure {type:default;}">
        <Coords points="1412,2877 1410,2891 1520,2893 1523,2895 1560,2921 1562,2921 1564,2921 1566,2921 1679,2902 1783,2923 1928,2925 1930,2925 2004,2911 2034,2904 2045,2911 2070,2927 2073,2927 2075,2927 2077,2927 2080,2927 2109,2914 2116,2911 2126,2914 2162,2927 2165,2927 2167,2927 2169,2927 2172,2927 2172,2925 2183,2916 2190,2909 2284,2907 2402,2923 2452,2930 2455,2930 2457,2930 2459,2930 2464,2925 2475,2916 2494,2925 2510,2934 2512,2934 2514,2934 2551,2927 2577,2923 2595,2930 2613,2937 2616,2937 2618,2937 2724,2932 2726,2898 2722,2849 2579,2858 1412,2831 1412,2877"/>
        <Baseline points="1412,2877 2726,2898"/>
        <TextEquiv conf="0.9808981567621231">
          <Unicode>ne ly ont laissiet cotte ne augueton</Unicode>
        </TextEquiv>
      </TextLine>

      
      
      <TextLine id="eSc_line_e1f2096d" custom="structure {type:default;}">
        <Coords points="1380,2939 1378,2955 1454,2955 1465,2960 1500,2971 1502,2971 1504,2971 1583,2962 1622,2957 1633,2964 1652,2978 1654,2978 1656,2978 1658,2978 1661,2978 1686,2966 1723,2973 1725,2973 1728,2973 1730,2973 1730,2971 1737,2966 1744,2960 1783,2966 1806,2971 1808,2971 1829,2969 1877,2962 1893,2971 1912,2983 1914,2983 1916,2983 1919,2983 1983,2973 2038,2964 2050,2976 2059,2983 2059,2985 2061,2985 2063,2985 2066,2985 2142,2978 2165,2976 2169,2978 2181,2987 2183,2987 2185,2987 2188,2987 2261,2980 2372,2971 2420,2985 2427,2987 2429,2987 2432,2987 2445,2985 2524,2973 2542,2989 2544,2989 2544,2992 2547,2992 2549,2992 2551,2992 2554,2992 2560,2989 2590,2973 2616,2985 2618,2985 2620,2985 2694,2976 2717,2994 2719,2996 2722,2996 2724,2996 2726,2999 2857,2999 2860,2964 2860,2927 2190,2902 2188,2902 2084,2914 2070,2914 2061,2914 2001,2900 1999,2900 1380,2900 1380,2939"/>
        <Baseline points="1380,2939 2860,2964"/>
        <TextEquiv conf="0.9857895236748916">
          <Unicode>e barares ne quemuse ulanque ne caperon</Unicode>
        </TextEquiv>
      </TextLine>

      
      
      <TextLine id="eSc_line_a8163095" custom="structure {type:default;}">
        <Coords points="2572,2960 2554,2973 2551,2976 2549,2973 2540,2964 2537,2964 2535,2964 2533,2964 2427,2969 2351,2973 2342,2966 2335,2960 2333,2960 2330,2960 2328,2960 2326,2960 2323,2960 2314,2966 2303,2973 2206,2964 2165,2960 2162,2960 2160,2960 2158,2960 2156,2962 2142,2971 2070,2971 2059,2960 2052,2953 2052,2950 2040,2950 1978,2957 1875,2966 1845,2953 1836,2948 1833,2948 1831,2948 1829,2948 1817,2953 1785,2964 1771,2950 1767,2948 1767,2946 1762,2946 1760,2946 1757,2946 1746,2950 1718,2962 1686,2948 1684,2948 1682,2948 1679,2948 1677,2948 1658,2964 1629,2946 1626,2944 1624,2944 1622,2944 1619,2944 1617,2944 1615,2944 1612,2946 1592,2957 1564,2944 1562,2944 1560,2944 1557,2944 1555,2944 1550,2944 1504,2955 1477,2941 1474,2941 1472,2941 1470,2941 1468,2941 1465,2941 1426,2950 1348,2939 1348,2994 1346,3024 1495,3012 1684,3029 1755,3033 1757,3033 1760,3033 1774,3029 1799,3017 1810,3029 1817,3033 1817,3035 1820,3035 1822,3035 1824,3035 1905,3029 1932,3026 1955,3029 2029,3038 2031,3038 2034,3038 2066,3029 2089,3022 2112,3029 2149,3040 2151,3040 2153,3040 2156,3040 2190,3029 2208,3024 2227,3029 2280,3042 2282,3042 2284,3045 2402,3045 2402,3042 2404,3042 2429,3029 2434,3026 2468,3029 2632,3047 2634,3047 2747,3029 2749,3017 2749,2980 2627,2980 2620,2976 2588,2960 2572,2960"/>
        <Baseline points="1348,2994 1509,2989 1803,3006 2749,3017"/>
        <TextEquiv conf="0.9836634351656988">
          <Unicode>y enfes gist dencoste qui estge auguroi</Unicode>
        </TextEquiv>
      </TextLine>

      
      
      <TextLine id="eSc_line_b7117ae9" custom="structure {type:default;}">
        <Coords points="2540,3015 2537,3015 2535,3015 2533,3015 2531,3015 2512,3029 2468,3015 2466,3015 2452,3015 2436,3029 2284,3029 2231,3012 2213,3012 2190,3012 2181,3010 2179,3012 2119,3022 2103,3010 2098,3010 2075,3010 2073,3010 2029,3019 2013,3010 2006,3010 1990,3008 1988,3010 1967,3024 1787,3024 1682,3022 1661,3008 1658,3006 1656,3006 1654,3006 1652,3006 1649,3006 1642,3008 1601,3019 1488,3019 1449,3006 1435,3001 1433,3001 1431,3001 1410,3006 1359,3017 1343,3003 1339,3052 1336,3063 1421,3081 1424,3081 1585,3070 1612,3084 1615,3084 1617,3086 1744,3086 1744,3084 1746,3084 1771,3070 1790,3086 1792,3086 1794,3086 1797,3086 2077,3075 2236,3091 2238,3091 2379,3077 2459,3093 2462,3093 2521,3084 2781,3095 2784,3095 2786,3095 2788,3095 2807,3081 2906,3081 2908,3068 2903,3019 2558,3029 2542,3015 2540,3015"/>
        <Baseline points="1339,3052 2908,3068"/>
        <TextEquiv conf="0.963352706697252">
          <Unicode>dont estoit mous frede cq̃e disson ly saisoñ</Unicode>
        </TextEquiv>
      </TextLine>

      
      
      <TextLine id="eSc_line_53eb6e7c" custom="structure {type:default;}">
        <Coords points="2310,3063 2307,3063 2305,3063 2273,3068 2199,3077 2183,3065 2181,3065 2179,3065 2176,3065 2123,3065 1801,3070 1787,3063 1780,3056 1762,3056 1751,3061 1737,3068 1603,3068 1596,3061 1592,3056 1578,3056 1566,3054 1548,3061 1523,3065 1470,3058 1431,3054 1417,3054 1394,3054 1371,3054 1348,3054 1346,3052 1325,3056 1325,3098 1325,3157 1378,3148 1447,3160 1454,3160 1456,3160 1458,3160 1509,3132 1603,3146 1606,3146 1688,3139 1771,3162 1785,3167 1787,3167 1790,3169 1916,3169 1916,3167 1919,3167 1921,3167 1923,3164 1962,3141 2040,3141 2068,3160 2070,3160 2073,3160 2075,3160 2077,3160 2123,3146 2165,3160 2167,3160 2169,3160 2172,3160 2206,3146 2406,3146 2457,3169 2478,3178 2480,3178 2482,3180 2685,3180 2685,3178 2717,3171 2774,3160 2795,3173 2811,3183 2814,3183 2816,3183 2818,3183 2991,3173 2993,3118 2986,3075 2880,3084 2793,3072 2791,3072 2788,3072 2786,3072 2731,3086 2556,3081 2537,3070 2537,3068 2535,3068 2533,3068 2531,3068 2519,3070 2455,3081 2402,3068 2390,3065 2388,3065 2386,3065 2369,3068 2326,3077 2314,3068 2312,3065 2312,3063 2310,3063"/>
        <Baseline points="1325,3098 2563,3123 2993,3118"/>
        <TextEquiv conf="0.9815728387167287">
          <Unicode>Sy une deu mourdereours adit seigneur uaron</Unicode>
        </TextEquiv>
      </TextLine>

      
    </TextRegion>
    

    
  </Page>
</PcGts>
