3104 4140
1150 738 2514 834 Et puisz qucontiaent in queus ly cõmanda
1134 791 2406 885 Ouil soit deles elame ⁊ ne ly saille ia
1136 880 1208 956 q
1403 855 2413 949 ly se plaint en ung sa laydera
1138 929 2273 1011 Eet li soit quasorrit a uenir en faura
1134 968 2406 1074 Et celle ly acorde que forment se doubta
1120 1028 2374 1138 puisse dy su elle arse ainsy con uous dira
1122 1092 2307 1186 Ou non de leroine q̃ lame on apella
1118 1131 2611 1258 Qusy que ie diray quant ly poins enuora ẽ uera
1173 1205 2344 1299 lame le rouie es cambres demeura
1166 1267 2372 1366 Et le mere du roy se party et senera
1125 1315 2574 1423 Ie conte de clochetre moult forurent marrecha
1120 1373 2577 1478 Et ly uehours su biaux que longeuement dura
1159 1423 2733 1534 et quant clie uint au uespre ly soupers coumencha
1115 1490 2409 1593 pobles su ly mengers quron y aparela
1125 1554 2360 1660 Et apres le soupar claine se coucha
1127 1616 2393 1708 Ei le cambre du roy la ou on le mena
1145 1660 2432 1764 En ung moult riclie lit noble calit yu
1143 1724 2418 1821 Elame fu couchie et ly rois sauancha
1141 1770 2604 1885 Lecto cambre list uidier a puis le refruma
1148 1821 2512 1952 Auenques se moullier ly bous roisz se couclia
1143 1869 2643 2010 Eet puis a ses deux bras douchiement lenbracha
1145 1948 2303 2058 Et elaurer ly dist oies con uous dira
1145 1980 2606 2127 Ie uous̾ demande ung don et ly rois ly dõna
1134 2053 2514 2171 Srre dist le rome ains que aadeses Ia
1145 2106 2602 2226 poel que prious adieu que se auort pardõna
1141 2157 2678 2281 Enencender puissons frunit dont ly pais dellia
1129 2205 2556 2357 Puist estre mainteuus ⁊ tel que dieu plaira
1138 2267 2719 2421 ⁊quil soit de tel grache que maulx non uiengne ia
1136 2327 2604 2477 Dame clie dist ly rois che soit ꝯͥuous plaira
1141 2389 2427 2546 Hors de leur lit yssirent cascan sagenoulla
1143 2463 2489 2601 Qu priant doucliement a dieu qui tout Nrea
1159 2520 2390 2670 La firent leur prierese⁊ dieixo leur otria
1157 2573 2480 2725 En leir ut se Reconchẽt ⁊ ly rois demanda
1155 2635 2321 2785 aelaine le belle que tant de biante a
1157 2674 2655 2831 Dame dont estesz uoulz plour dreu qui tout forma
1178 2748 2537 2886 ⁊ rop uolentiers saroie cõment uenisteiz cha
1155 2847 1785 2946 Ie lieu ou sustes nee
1824 2806 2261 2898 roeue sou pura
1212 2861 2268 2987 rdist sire par foy iaceli nessera
1152 2914 2468 3040 dedens coustantinosle le chite pardela
1157 2966 2671 3132 fui nee biaus sires ung. prendons mengenra
