3104 4140
1300 692 2784 793 prengue endere sy fait don uous aues folpenser
1302 752 2655 841 ie ml Ie suis certams̃ ne uous enscet nulgri
1293 798 2567 896 Uous ne faitel pour lun ungdemer mõter
1290 860 2689 961 Que le uiande as quiens aues pour luy dõne
1304 913 2388 993 Tant qui seray cheens parsainte carit
1295 965 2508 1048 Arout ly poure diou scachies en uerite
1304 1032 2386 1081 prestont du milleur mrs̃ ꝯara apreste
1288 1069 2519 1127 qa d uiande as quiens ne sceront conforte
1281 1110 2526 1200 Quant larcheuesque lot sa un petit pense
1281 1163 2445 1248 Tenrement soupira quant I La escoute
1329 1230 2294 1292 et a dit amartuni le damoisel lor
1274 1262 2641 1357 Mar diru filleux dist il uoulaura bieaparle
1295 1320 2512 1416 Ouques uous ne ueuistes de uilain pente
1336 1380 2577 1474 tant et uous unquenqui hault sest escrie
1281 1435 2395 1524 larcheuesque dist naies martiui ulame
1288 1494 2781 1577 Carscachies biaux dons siros nous auoukaplente
1286 1547 2519 1635 EEt pain et ehar et uin et mainit paon lars
1272 1603 2671 1690 Nous en rauous trop plus que nauiẽs apreste
1277 1660 2673 1738 Nous ne scauous dont che uint et qui aporte
1270 1706 2551 1780 Car orc ny auoil ualisant un seul d, sui
1263 1745 2639 1842 peigurier dist larcheuesque uous aues parle
1274 1805 2687 1895 puis syadie coument dreux ⁊ syachy ouure
1270 1858 2666 1959 moult par est mes̃ silleur de grande digante
1279 1927 2572 2017 Penoite soit ly eure qui uint en che Regue
1385 1984 2560 2072 oult li ly archeuesques pians et esbaubis
1341 2040 2827 2132 uanlt le parler ⁊ du lleu sy su euse ment dis
1272 2086 2462 2180 Pẽ le Ioie quil ot en a denchement dis
1258 2148 2358 2240 Sen filleul a cola larchenesque gentis
1281 2201 2623 2313 A dont sest au disuer moult noblecent assus
1283 2274 1329 2323 I
1504 2274 2731 2366 tiche uaruaige qui tant fu de hault pris
1279 2313 2738 2426 Noult fu le court plemere des barons seigneuris
1283 2375 2699 2477 suns pour les dous martui ne froi ẜ pis s̾uis
1348 2435 2494 2511 nchois orent asses du tout a leur demirs
1274 2479 2563 2576 Tant que cascui en rent grasses et merchis
1286 2546 2671 2626 y gentieux archeuesques sest en le tambremis
1297 2592 2381 2677 gẽnone se ieta et dist doius Iluẽrist
1281 2647 2554 2739 Pien doit de iascumn estre ly uos nous uenris
1293 2700 2565 2785 Fui enuoiet manes tel hõme en men pus
1274 2757 2574 2840 Ne le uorou perdre pour le tresor dains
1267 2812 2671 2900 U ii lacles fait pour luy ly urais sains espris
1286 2868 2641 2989 Eusy dist larcheueiie qui tant fu agensis
1433 2939 2830 3084 est Dec drois et Rusons se lont le nien ains
