3104 4140
303 690 1737 781 l estoit marõniers mes en le mer noua aredet
266 756 1509 844 ꝑ uoloir Ihũdist mes corps chy arma
271 818 1705 901 Elamne say clainee autre non mes corph na
271 871 1612 949 Quant ly rois lentendy adoutues le baisa
278 922 1518 1009 Et en fist sen uoloir et celle lendura
308 963 1615 1055 e nuil le roy henry en le dame engyura
280 1016 1728 1104 Deux fieux a une fois que ihũs moult ama
278 1071 1527 1173 y uns oc a non bras ache guie conta
271 1136 1721 1242 et fu pere saint brisse qui a tours desiua
276 1193 1594 1306 y autres des enfanl que le dame porta
276 1262 1635 1368 Ot auon saint marim qui sen mantel copa
260 1322 1497 1430 Eu le uille Ramiens ou noble chute a
260 1375 1601 1497 Et lendemain matin iy bons rois se leua
269 1435 1592 1554 out droit aun monstier le messe oir ala
260 1501 1348 1605 ꝑ laine iut ou big ⁊ Ihũs aoura
246 1550 1695 1665 Pour le bon roy sen pere songneusement pra
248 1607 1491 1711 Par dedens li palais ie seste r procha
255 1667 1491 1777 Pou iours tous entiers en le chite⁊ dira
257 1720 1760 1823 fusement biau seignent sille daue arma
253 1780 1576 1879 arccage elle fu Roine Ihũs ly enuoia
260 1833 1716 1931 un roy noble ⁊ uaillant que loiaument lama
257 1885 1709 1987 Et ses peres ly rois par my lemer naga
264 1934 1732 2042 Se filie ua querant pour qui arant hoel mẽna
260 2003 1617 2093 sues anchois quile troeue. .xxxiiii aus yra
257 2051 1553 2139 Or aunt ache tamps ache cõme conta
285 2111 1599 2205 aue sarasin passerent le mer oles decla
269 2166 1693 2260 Et pour esseillier rõme uns peuples arma
241 2231 1532 2334 Par dedeus rõmeme et le pais gasta
269 2293 1509 2389 niͨ millt paiiens y otaclie tamps la
289 2359 1509 2451 fue rõue oucasegie ou noble chite a
299 2417 1601 2525 y rais qui le conduist ⁊ qui les gouurena
255 2481 1493 2573 auoit anon bntor mal ait qui le porca
253 2541 1700 2645 prques plus fier paien sur cheual ne monta
260 2610 1640 2684 degueur aicel camps que conte on uous a
294 2656 1523 2750 su ⁊ rõme cueriie des pii eus par dela
287 2716 1580 2801 ar tour otour estoient amasse cha et la
303 2766 1371 2849 e pile ⁊ lombardie ou noble paila
250 2826 1509 2909 Salabre puylle mples tostant pardecha
264 2865 1714 2978 Fout furent sarasin chians que meuoient la
250 2939 312 3063 4
342 2937 1925 3054 for greuoient rõme qui a grant dorul Regna
