3104 4140
1171 614 2464 719 Pauoir lamour mes moult bel lesensa
1175 676 2567 768 Quant uint ale uuitie le dame se concha
1161 724 2577 841 Par de ions uns degres de lestram demanda
1205 779 1912 867 A fu preques pouris
1923 809 2650 903 che quiz on lyage porta
1189 848 1905 926 Ele prue une puroi
1198 896 2257 1000 lari fait sen cauech et desuer pezposa
2047 867 2567 972 un E chief ꝑ pibsa
1300 954 2397 1053 y Iu que au matin qui ly solai leua
1184 1009 2248 1104 ltaut estsen otesse qui hault ly escria
1256 1064 2510 1147 e suerdit elle or sus alyr uous conera
1205 1129 2305 1205 ⁊ bit espãmer de seluir uous saura
1191 1173 2503 1260 lestel que Ie uous preste ouon uoul boustera
1198 1223 2620 1311 iors deleeus unefment ne uoul en doubtes Ia
1157 1274 2448 1366 Dame cheddistelame mon corpl uoꝰ mdera
1258 1322 2317 1423 lont le mien proir a donques se lena
1235 1389 2503 1469 corbelle a draiaus desussen fes chief leua
1224 1451 2369 1522 t puis les le aimere lo tesse le mena
1210 1497 2222 1582 une seulle mant le buer espãma
1161 1545 2583 1630 ꝑnqurs noais telle danie de che mestier nsa
1171 1596 2162 1685 Ce buee baty et se le Respannia
1566 1651 1578 1731 ;
1601 1642 2791 1731 Et puil sur ses espaules ellele raporta
1152 1697 2284 1789 Acelle matinee trop de maux endura
1184 1747 2397 1844 et quant muise lot ius tout iourant seiala
1134 1810 2498 1885 qdar une estroite eue brufment fachemina
1138 1856 2404 1952 Euant lotesse le sceut forment len aubia
1143 1904 2395 2005 Ourement fudolente que lame perdu a
1184 1966 2602 2056 et pour che quellescet bion quelle truandera
1155 2023 2735 2116 ises pour sen corps uiure dont dist quelle querra
1196 2074 2379 2155 t le frauche roine Parle rie son ua
1166 2118 2639 2217 Euant ramps fu de disner assei uien deananda
1168 2180 2353 2265 le court de larcheuesque etonl douisa
1364 2226 2600 2318 en ua le Rome tout par my le sauclue
1224 2277 2733 2371 Uers le court la rcheuesque ase uoie aqueulie
1180 2343 2478 2426 qe pur dut tourt tenir de nobt̾e barõmr
1150 2396 2057 2488 Bien xxx chlrs yot a uue fie
1290 2458 2397 2543 nconte uaillant ⁊ toutese maisme
1180 2504 2406 2589 ⁊ uenoirent trestont du posdsudu
1150 2543 2367 2656 droit de ghlo. Irlin le chite baptillie
1120 2605 2351 2723 S cõme pelerĩ de treshaulte lugie
1175 2697 1231 2766 o
1389 2681 2319 2757 uoit cascuns Raler a se partie
1127 2718 2625 2824 Nes ly bourrarchenesqui par se grant courtoist.
1118 2787 2466 2865 Qouz cheque uolenturs auoit nouuellu oy
1143 2840 2583 2934 Pu seputre poissant ou dieux prist mort et uie
1099 2898 2466 3038 Syauoit cõmande arluaux de se maisme
