3104 4140
1435 570 1527 685 64
78 680 1532 788 Dedens flandres nauoit uille ne tour frumee
80 770 1589 862 qu on creist en dieu ne en le uierge hounelee
94 837 1329 922 ors en une abeie qui fu en le contree
126 894 1497 998 les pielz de lescluse fu labrie ordence
85 970 1543 1092 luthomes quant un sceult le uente prounee
82 1055 1306 1159 Que la bere estoit la endroit ordenee
96 1129 1463 1242 e dames souffisans que en cascuue aure
151 1223 1274 1322 dõnoirnt ⁊raha ale gent desraee
78 1304 1539 1421 y reit auoent se gent qui bien estoit armee
82 1384 1092 1499 diurent alabeit. selont amrõnee
96 1469 1472 1559 diis entra ly rois ens amẽme priuee
96 1531 1334 1639 la besse est uenus qui trouna aleulee
89 1607 1576 1715 Euant labesse qerchut amoult. hault aleuee
138 1685 1175 1789 salua ly rois ale brache quaree
98 1773 144 1846 21
202 1768 253 1851 De
257 1741 1601 1860 ist che dame dieu qui fist chiel et Rousee
115 1810 1587 1927 uous quist ueneis ⁊ doinst uõne iournee
227 1879 1495 1996 toute le cõpargine que uous est ostelee
96 1950 1578 2090 ire chedis labesse le grant uirtus nõmee
89 2040 1670 2145 Uous doinst ioie et honneur et bõne destinee
89 2109 1564 2226 Et le grant barõme que chy est assamblee
225 2189 1389 2306 ꝓre dist ly abesse a le clere fachon
220 2274 1555 2373 Sien soies uous uenus en cheste Region
87 2352 1523 2465 Deus estes uestiens che sam ble auo paison
96 2431 1755 2553 c hest uoirs che el dist in Roiraissy sont my baron
85 2520 1479 2631 Phy endroit suy uenus que uo celeroiton
94 2601 1769 2716 Cõmre uns hous qui est plains de grant marison
135 2670 1458 2783 ar iou ay une dame qs sy longue saison
89 2750 1520 2849 Chou est une et puchelle que elaie dt anon
94 2824 1509 2923 pour peqmet esquiues py de mon abioni
110 2895 1619 3001 e puchelle est me fille dont Ie fay mension
112 2973 1277 3098 Qr ne scan ou ala ne en quelle Region
