3104 4140
1493 993 2984 1101 t encoire y est il che noꝰ tesmoigne foire
1435 1071 2908 1161 N siens corps y sainty che fu raison et srois
1523 1138 3023 1212 R onques Il ne uolt pout maux ne pouranoit
1417 1175 2687 1262 Eon ly Resist souffrir anoier ly maroil
1417 1239 2719 1317 me uolt orguel ly uer Ihũcist ne ses lois
1426 1290 2820 1375 Cous mus fu desuestiut ne sy remest ii cris
1417 1343 3028 1437 Se ne furent ses braies que furent blaucheeͥ que noit
1442 1405 2699 1492 qurtaux la apele se ly dist bien.c. fois
1410 1460 2820 1550 ꝑtul aourast malon sy quot fait aultre fomr
2901 1465 2961 1547 3
1431 1520 2768 1612 Ou il moroit ainsy que fist ihũs ses Rout
1433 1577 2899 1662 qurtaux dist amouris tu mes mie courtois
1417 1635 2876 1715 Qui me ues ensement destriure demẽaiois
1518 1688 3023 1782 n sy faute ordenanche chest moul piteꝰ exꝑ loi
1511 1750 2781 1821 u en serai ulainer encoire mainte foiss
1426 1798 2942 1892 Anchois me fai ardoir ddais un fu grigois
1433 1860 3030 1945 Du entraumeras fourquie au cheuax non trou
1417 1915 3021 2000 Mar mahon dist qurtaui dont grantrest lt pooire
1431 1964 2910 2063 Paultre mort ne moras hue celle que tixuois
1405 2026 2959 2118 er foy dist amoury tant suige plus des zout
1442 2067 3034 2171 uais plus quil pies a dieie qui establt les lon
1468 2125 3034 2226 Et que chest ses uoloirs que mis sou en cel pl
1440 2175 2862 2281 Prois est que Iobeisse du tout a uostre feis
1428 2233 3034 2336 Or faitel tous uos gres ⁊ en maux et en drois
1546 2283 2687 2389 e ꝯsentiray au gre dixuquiest rlos
1550 2341 2820 2447 iz tant dist amontis se tu que tu feras
1562 2396 3009 2507 Cu ferai de mon corpl tout che que tu uoras
1458 2444 2949 2559 ar ie ne ueul point croire ou quiant satanas
1451 2504 2926 2603 lu gre dieu ueul moitr qui soit tues mocas
1456 2550 2837 2654 ⁊dont sagenoulla sy a dricht les uras
1428 2599 2864 2716 set rigarde qui estoit mise basI le crois
1417 2656 2735 2766 Dost dist tout coiement con ne loy pas
1431 2709 2738 2817 Ca lorieux sire dieux qui adain estoras
1403 2771 2878 2863 Et ene fa moullẽt puis leur a banconas
1431 2826 3028 2939 Cont fene fors uii seul paimner que tu beurdeurat
1426 2884 2639 2976 aux diables infer a ent ꝯseillas
1396 2937 2929 3038 Cart quelle on sist mengier Adan que fu las
1431 3001 3000 3100 Au don nud se crouuerent sans uestureur dras
1440 3065 2747 3139 de sueller A figie a dont a counegas
1433 3118 2894 3208 Et puis quant ꝑ du fu mort en iufer en alas
1415 3178 3032 3261 si dout uint sept ten sil quant ⁊u fu mors etn
1412 3231 2959 3362 En sa bonclit A deñs adont sep c boulas
2653 3684 3028 3781 ¶L ꝓrepmo
