3104 4140
85 680 1435 786 zire che dist bious que uaus cheleroit on
89 742 1603 841 lous sõmes chy doy frere et se drauons niil nõ
89 811 1426 899 uns heraitezz. nous a nour longe saison
207 871 1244 956 un uos me trouua aueiic uni lion
92 919 1371 1014 et men frere trouua auent un r̾eu felon
92 991 1286 1064 dr auous de baptesme auoir deuosion
98 1021 1656 1122 e uous uenons prier pour dieu et pour son non
98 1094 1679 1189 Que uous nous baptisies se che uous sailile uan
96 1152 1435 1237 Carde uous le uolouz Reclieuoir a baudon
96 1209 1474 1299 et dist ly archipusque ne dars se bien non
98 1269 1426 1352 dont les mayne cu moustier en Reuracion
103 1324 1279 1400 es fous apparellent en grant de nosion
115 1384 1491 1460 driss dist desuestel uent̾ nobilli cõpaicgnon
115 1426 1380 1515 pras desuety premiers et cote et airm ton
117 1472 1428 1589 out mit print sen coffin la estoit che diston
115 1534 1263 1644 e brac que fu elame ale chore fachon
112 1582 1300 1704 archeuesque martin len amĩs actson
110 1642 1233 1764 linis et queisse la nen faites chelo sois
103 1690 1612 1810 dire che est uns uns bras pour yꝑa le uodiston
119 1747 1488 1858 eue Iay porte lonc tampa par bõne inteusior
119 1803 1576 1918 n brat che dist leuesque tu me tirus abruon
115 1858 1592 1980 lon fay che dist ln eufes lors ly moustra abaudenr
165 1925 1421 2026 brat hora di loffin a hoste sans terchon
126 1989 1288 2074 Run estog ossy biaux et dotelle fachan
121 2037 1527 2120 dre sout s premer iour que copg lauoit on
218 2088 1543 2173 nãt le brit fu saquir et le prac fu moietre
218 2134 1546 2228 y gomtieus archeuesque ; a le couleur muet
117 2180 1293 2286 Lasit a lenfant amoult hault alenee
124 2231 1421 2332 Eufes Ie te coupure de le uierche lpõnerer
128 2283 1541 2382 due tu aue diclie uoir sil te plest et agrer
124 2346 1679 2442 unt te uint che brac chy napas rierche iouruee
140 2401 1518 2484 u daucune persone fi treuclur et coper
144 2451 1539 2543 ue cle dist ly enfes pbur le uierte hourree
138 2502 1415 2603 ya birn uui ans qui pay le matqi qorles
128 2546 1461 2654 uguis ne se cainca chest uerite proure
147 2596 1327 2714 e scay dont elle uint en lu fores rruin
135 2651 1594 2780 ue trouua uns hprmitelz qui lame soit sauuce
126 2709 1311 2831 line ionnente estoit ꝓceste main noor
142 2771 1691 2891 Iqui s pour tant d liaux firel Ie lay adier portee
128 2838 1334 2930 et dist le archeuesque a bõue destinee
128 2898 1426 2973 dour chi. ares auon ie. yay mis ame peuse
144 2948 1576 3052 du nou de che brac brise che est cose auirer
