3104 4140
1417 793 2896 910 la demoura le dame qui tant ot signourie
1431 867 2793 963 Mes de signatour lot Rellement enchterie
1415 924 2913 1021 Qie ne pouoit durer ne mainne anuitie
1417 970 2795 1087 Mrres la belle dame dont ie uoꝰseucsie
1493 1035 2933 1150 qut demora le dame Sout Ie fay meͬ sion
1396 1087 2763 1205 Auent le signatour qu Iozerant ot non
1389 1140 2648 1258 puelle se deluura de iesne norechon
1403 1205 3009 1322 Pun fil moult bel et noble et de genre fachẽ
1392 1262 2862 1386 Droit au ioustier saint pre a rõme le porton
1445 1324 2678 1435 leut fu baptisies car de fin be soet on
1385 1384 2699 1501 coutre le signatour ot pzerant andii
1401 1442 2724 1545 le dauee mit sen mois ⁊ toute se saison
1387 1494 2878 1614 Et pouis ne Remist gauet syꝯ li sant creuron
1392 1557 2837 1685 Que ly faiyx signatoit dont Ie fay mension
1387 1621 2439 1715 quua sy lit Rome en se condisiby
1375 1669 2763 1787 Eiil ne pooit durer par mile occoison
1371 1741 2751 1858 O pensa en sen cuer une grant nraison
1378 1793 2977 1929 Lat dist quil ne paroit duror par nosime ocoisdii
1417 1862 2811 1977 e erse ensen cuer une grine craifon
1507 1927 2804 2028 dist quil ne poroit bien uenir a coron-
1366 1982 2406 2072 Dauoir cestorome ase deisiont
1378 2035 2910 2150 ie quil ne poroit faire sen talent et seqbon
1357 2095 2843 2210 Fant que sa famne fust Par de dens se maison
1493 2162 2613 2254 dist quil lochiroit sons nularustison
1465 2217 2972 2332 dist uoir bian seignois sy con lisont nouroy
1456 2283 2512 2373 soupper li dõua une teller quisso
1424 2339 2678 2447 tue le dame en moruagrant destruction
1424 2405 2593 2507 t fu enseuclie aguoustier saint sunon
1424 2474 2537 2566 e Rome plaisanche a le clere faishon
1369 2520 1419 2594 A
1426 2530 2636 2633 q fu formet dolante en se condision
1472 2589 2708 2679 aisanche fu dolante et moult lyanoia
1470 2640 2991 2748 Euant le danis fu morte quiq si formet ama
1366 2695 2533 2785 asen cõpere uint et quus se lapela
2547 2718 2577 2799 1
1355 2753 2577 2833 Dire dist le roine partir me couuera
1417 2812 2774 2916 e uostre mausion duis que damenya
1373 2870 2887 2987 Et chiem ly respondy quant le dam esconta
1343 2937 2834 3040 Põmere dist ly glous uus nen partres i
1336 3001 2954 3109 quns demources ꝯmoy grans auimõmcepara
1316 3068 1369 3217 a
1403 3065 2846 3187 dlaisanche moult eniis A dont syacorda
