3104 4140
1272 800 2848 913 On cheualier paiien en ua heuris fraphanter
1277 873 2915 977 ui ly a fait ou corpele fier dachier passer
1228 936 2954 1035 restont parmy se lanche de fait mort Reusez
1049 1014 1175 1145 sally
1233 1048 2754 1150 Euant se lauesse Ise es du brant fraper
1274 991 2726 1090 lerie saint sepailze sy con lon bien cler
1226 1094 2975 1223 El ly bous rois autbsmes si sent bienesproue
1189 1163 2933 1297 Sn fait ly rois coustant que euer ot de suigler
1260 1242 2965 1368 Et ly ullant Nestien que diere ueulle hõnerez
1219 1313 2579 1426 Castun a fait le sien a terre le auẽter
1362 1380 2503 1492 euant Ihrlin fu grant benuaie
1228 1439 2931 1557 An fororois dar deubourc quadot tenoit suru
1242 1511 2839 1626 ua courant par lestoir ⁊ilprz Ihr̃lm kie
1214 1577 2843 1699 Il tenoit un fausart dont ly achers fla uie
1205 1646 2673 1761 Pen firydon crssien sirle targe breme
1224 1713 2797 1816 Rue cout sproix ly afeidi et treiechie
1279 1782 2768 1881 et le brat uc grẽchier ue mesre dartignol
1325 1849 2418 1943 ena tellemẽt le roy acelle fue
1258 1913 2646 2003 fuie le col ly troncha ⁊ yqueysane uie
1281 1975 2793 2072 pn aultre hõme crestiefory et cpar mestrie
1295 2044 2749 2143 n trauors le fery sy fort que quemis Die
1272 2111 2692 2189 se iounẽte ly atouce paruin Nenchu
1221 2235 2579 2327 Iusqua u en a mort de nostre barõme
1369 2173 2634 2267 be tiers et le quart et .xͤ noublie
1219 2281 2742 2398 Car tabit estoit hardis sy con listoire cie
1240 2362 2768 2461 ruil nauoit sen parel en coute paroume
1205 2435 2526 2523 nor que pxu ans nel tenes afolie
1212 2497 1247 2576 C
1346 2495 2625 2596 forche et se uei et se cheualorie
1244 2566 2738 2661 u on celle poirure de nogent Resognie
1231 2640 2936 2730 Iul ne lese aprochier uien de glue etdencie
1224 2693 3007 2812 Peuant ses fausars faliz talent Iabent na qui leqz
1297 2769 2915 2877 ntre paitis Rement ⁊ Paui a enquerarie
1260 2840 2671 2941 que faux ꝯ auoit nouuelle mel forgie
1214 2916 2694 3012 Coute sinedachier grande fu et furme
1184 2985 2701 3077 Plis abilee estoit que Rosoro deppanie
1415 3042 2988 3134 le fu ly faux au roy ri ueehant etafilie
1155 3100 2954 3229 En trauers siert nogent tout enuy de mer
