3104 4140
161 818 1691 926 duant l ꝑoil dengleters qui lieury ot anon
172 887 1493 998 uent le baiere en de grant cour en son
184 954 1283 1051 se gent esgia sans nul arestisoi
197 1000 1675 1120 goreur chi dast ly rois qui amie ne pignon
158 1067 1348 1182 assus en celle tour au tẽple salemen
200 1133 1470 1248 re dient si gent que uous cele roit on
225 1198 1431 1306 a fait rois amouris ale clere fachon
163 1306 213 1391 R
236 1248 1525 1368 quant ly cois loy adont en uint abon
172 1311 1615 1449 moury dist ly rois plains estes de penon
177 1370 1589 1513 nques meure de uous ne cancha estporon
197 1430 1431 1589 uirist uoꝰ garisse qui soussry qrssion
218 1504 1534 1646 roy heuryapelle authoine ꝑ sen non
190 1570 1583 1720 on d constantinouie dist hreury auaultton
179 1637 1541 1784 nen u deuõs uer ꝑ droit et ꝑ maison
147 1731 1493 1839 damoury lescochois onques ter pe uit on
184 1787 1336 1908 ar il a conquestepar se posse sioi
220 1851 1470 1971 ste sainte chite qui tant a de Renon
193 1906 1527 2035 mrist le garisse que neꝰ dõna parson
276 1984 1737 2099 aue ary lestour le frant Royardentourt
193 2060 1711 2164 ncore auoit se fant qui trenchoit de randon
202 2136 1421 2224 gens srestiens faisoit grande pision
248 2201 1587 2304 trauers les de grenche ensy confait de gon
232 2265 1654 2362 gens restiens le fuient gme aloe fanchon
163 2323 1580 2428 Ioseuit le fancaten de mo gent ꝑ nul coron
154 2389 1594 2484 uenque le roy constant eirot qrant marisoit
161 2456 1389 2557 y dolans en essoit en se condission
149 2523 1548 2624 Ruapai pot ly roie dire ne auuenon
202 2585 1702 2684 y fors rois arden uoine trauelle fort nogẽt
193 2649 1744 2757 lle fant acheree lel deRenchyr põpent
220 2720 1534 2829 uoua ui sarainquily dist haultement
184 2794 1652 2907 a ly e roy ardemboirt or te ua maiseuent
184 2865 1417 2966 hren est rise tachite qui respleut
181 2914 1688 3024 krestien lont corquise par leur enforchiunt
186 2980 1458 3077 In crestienyaqen qui mahõmes nrauẽt
218 3047 1624 3160 ar Il se fist leuer as granest haulteuent
