3104 4140
1348 1039 2687 1140 ⁊ar ly coutes lesry qui cant fist aprisier
1371 1087 2708 1200 st le uille frumer et les mus efforchier
1649 1143 2655 1242 sourdre gant don doit auccbrisier
1339 1168 2756 1304 nerl d chene ueul Tpoint nostre liure estougier
1304 1246 2705 1354 is uous diran dauthoine qui ua pour ꝯssegter
1325 1299 2602 1405 le grant castrel de lile qui uoloit essitlez
1378 1340 2687 1469 hieux qui garait le uille auait non uaimẽr
1369 1405 2510 1524 ntre lile et tournay est uenus espiel
1348 1478 2432 1584 e caroy qui a lost aportoit amengier
1387 1511 2542 1630 u. liens petites sestoit uentie logier
1320 1563 2606 1695 De courtray le chile qui tant fait aprisier
1336 1630 2505 1745 a ot un caste let iar on de tesmogmner
1336 1672 2602 1800 don yauoit deffeuse fors de traire ⁊ lauchr
1295 1731 2611 1846 nnes pouruens estoit se quanquen lamestier
1332 1793 2650 1897 Eus auoit un paien qui le cuer ot lanner
1336 1851 2632 1950 iauoit sy petit hõme Iusquee amoupelier
1336 1895 2696 2007 qua enfeir de .xii. aulr le pasast de legsier
1346 1950 2754 2063 Ie haulteur et de grant mes Il otle cuerfier
1306 2000 2671 2106 Eue in pies et demy nauoit amon audier
1343 2046 2765 2175 duques diem ne sist hõme tant seuist tẽuoier
1350 2106 2632 2221 e aleren oataillet ne courir ung destrier
1394 2162 2618 2277 u pasast le glonton deut uous morsqp
2751 2136 2993 2251 eplaide
1445 2212 2724 2327 lueux petia pauene qui le castel gardoit
1428 2260 2883 2369 not que in pies de grant quant on le mesuroit
1343 2352 1371 2424 d
1380 2323 2823 2431 cheuanchoit tant bien que mis ne le passoit
1332 2385 2841 2481 Quant Il estoit ar̾ camps et sen cheual brochoit
1334 2442 2657 2532 Ie uous dy uaiement maintenir se scauoit
1364 2477 2885 2594 aut bid sur un cheual que cascune lenprisoit
1355 2550 2673 2651 et dun are en courant sur sen cheual traien
1304 2608 2719 2704 uis houct sy le haist quant au graire ueuoit
1311 2668 2556 2757 ne se penist garder sy tresbien lauisoit
1378 2711 2740 2810 ne sen erait fait aler par tout ouhl uoloit
1336 2764 2597 2854 Et qui lencontrast ia quãt a piet il aloit
1327 2806 2756 2898 sambloit gut eom Auist a uatut de son doit
1295 2858 2613 2955 Cours estoit et espes et let uiaire auoit
1309 2907 2567 3012 Inalostrus ot auon ainsy con leclamoit
1316 2950 2850 3061 Xxx ans seruy Le conte que martais mort auoit
1304 3006 2837 3118 E ples deuant boulongne ou couuatus sestoit
1309 3072 2634 3162 uthenore ot auon le corps que mors estr
1313 3121 2731 3217 Et mara dins ses Riemx que le gerbe tenoit
1297 3192 2390 3270 ¶ dour che que malestrue malemẽt
2613 3148 2820 3231 t fioit
1431 3242 1978 3311 mist en che crst
2135 3208 2717 3300 conioure la soiroi
1311 3252 2862 3417 desy iusauet̾ a baieleit uiitemet chranchon
