3104 4140
1226 708 2386 800 puis le cRetronna si com mores conter
1145 758 2678 848 qles enchois le congut moult de pamue endurer
1152 814 2519 906 ꝑr est drois que delame uoꝰ doye Recorder
1152 862 2296 949 cõmẽt Ihũs le uolt ꝑ se grace saeimer
1152 913 2397 993 Eet cõmẽt le Royne ot maĩt muul a porter
1148 961 2786 1051 oucques taut nen ot dane che peult on bñ conter
1141 1011 2464 1097 Mies Ihũs li a fait che fait guerdoonner
1138 1071 2625 1152 Gaince est en padis en ses flans uault porter
1150 1120 2800 1205 Ie uray corxs, saint martm sen mãtel uault cauxer
1148 1177 2680 1260 Rn le chite damiens bñ le peult on prouuer
1141 1230 2521 1313 Et puiss a ung Ribault le uolt tãtost dõner
1148 1281 2687 1370 Maiss hstoire młt uraie uoꝰ ueul chy Recorder
1152 1340 2611 1428 De telz xy corps sains uoꝰ uauldray deiser
1145 1396 2611 1485 Que dieux a fait ꝑ gre en gloire corõner
1148 1449 2429 1538 delaine uoꝰ diray le Royne o uis cler
1145 1501 2761 1596 dan souffn moult de mauts poͬ peq̾et esquieuer
1136 1554 2577 1649 alme tãt non pot Royne souffrix ne edurer
1157 1619 2588 1699 En ungt batel estodte coute seulle en le mer
1127 1665 2556 1757 Sanoit unc marõmer qui ułt fist a loer
1150 1720 2457 1814 et la se dementoit ⁊ print a dolouser
1159 1777 2669 1867 Sisantt saince marie Iau troy nueulx a finer
1166 1835 2597 1934 re perro chy endroitesant Iãmais Reiõuer
1143 1888 2600 1989 Que faire le pequit q̃ tãt fait a doubter
1152 1943 2261 2035 Et qui est sy horrible a oir deinser
1150 2007 2452 2095 Aly fist elle peres cõment osasqr penser
1164 2063 2606 2152 Que le char que uaulsis en le toie egerer
1145 2125 2452 2210 onchier auencq toy et tõ corps deliter
1171 2173 2593 2270 fer faire mariage malhre dieu assanler
1138 2228 2659 2323 y Rois de benaiee dieux uoꝰ ueulle garder
1125 2286 2519 2380 Par urẽ cõ noiise qui est lame damer
1136 2336 2625 2440 qluei celle ꝑdue sans Iamais Recouurer
1150 2387 2708 2500 Qui debuoit le Royalme apres uoꝰ gouuerner
1152 2451 2830 2559 Iai trop mieulx estre poure et nõ ame sauner
1182 2518 2671 2617 on me faiche Rome peͬ moy faire dap̾ner
1155 2580 2577 2668 i dont prist elame teuremẽt a plourer
1161 2649 2600 2725 lauoig pas .xiiii aus le spoyue o uis cler
1145 2688 2455 2785 Iut̃ Ihũs de sa grace le uault sexarer
1161 2741 2542 2856 mẽ Ihũ crist fuir ot tout mis sen pensez
1125 2812 2779 2909 Uar le mer uoit chesz oudee orriblemẽt leuer
1109 2872 2450 2969 Ses temꝑ estes ueuir et sen batel croler
1152 2934 2814 3035 Et uoit ches gñdes Roches que font a Rredoubter
1118 2999 2521 3123 Balaines et danfuis en le mer santeler
