3104 4140
119 738 1283 878 laliront loustant ale chiere senee
181 784 1583 945 y rois se dessent aqei prouosse agree
151 850 1525 1018 en fu de pardiou telle uertu molistre
805 913 1543 1016 uut aicelle Iou rure
151 956 784 1081 ne saiis Iorges y
149 959 1792 1140 iu pour le roy aydier auoit au puing lespot
223 1028 1500 1193 le lous sarazuis paia sy lent sande
154 1081 1670 1255 ue tous ficroi ochiz eu le cambre pairce
149 1143 1902 1320 muant coustans uoit le sautt moult tresbaen gree
161 1230 1442 1393 genous se iega disant ale uolce
170 1350 621 1465 ue que estes
706 1285 1677 1416 pus me char aues saumee
639 1343 1826 1481 ly sains Iorgel que taut benõmee
158 1435 416 1540 mis chi
1122 1407 1608 1504 hiel et rousee
236 1455 922 1582 un cheualie dier cu
154 1476 1481 1639 di atoy mas tranis par miracle ordenee
161 1607 460 1699 pour che
476 1504 1668 1662 me tu le sers de cuer et depensee
161 1586 1445 1752 ⁊ atous les besoins ou seras en meller
377 1623 1638 1798 uerran aidier sans pout de larestre
170 1695 1493 1867 ar dieux te aꝯpaignie sy ma abandõnee
1120 1741 1631 1846 ly fist enclinee
158 1812 950 1922 ꝑuant constans le uteus
989 1798 1495 1925 plassancere alce
202 1865 931 1977 ire Sist en rois ou est
193 1860 1624 2049 e plus uille rome qui soit en siecle nee
167 2012 540 2099 Tuas fait
543 1922 1612 2076 dist ly sains en ly telle engerer
158 2053 747 2152 dout le glore di
803 1977 1723 2097 chieux en sera repeuplee
172 2058 1532 2203 gil qui en ĩsterout est uien cose auerir
161 2099 1721 2267 aront pour ton amour lame es chieue sauuee
181 2166 1583 2341 Et seront saint claine en le gloie aduree
181 2214 1902 2387 Lar dieux caune de cuer et amẽ ta huy monstree
190 2306 1525 2456 da tent oroy leury denglererre lelre
158 2352 1702 2509 Iar imais ne uerras palaisanche lõueree
165 2431 1573 2559 Deuant che quil ara elamne Retronnee
209 2484 1497 2612 t dites aheury dengle terre le lee
167 2546 1520 2672 que quant ihr̃m auora conquestee
209 2594 1656 2732 et de dens lonbardi castres qui est fruure
184 2656 1569 2794 Et Il ara dde flandres conquise le taulree
227 2727 1329 2845 dout Rauera il elaine sespont
195 2773 1603 2900 Et quant coustans uoy se ly sist enclire
202 2863 1138 2966 A genons se geta parsin
1309 2833 1461 2907 enser
526 2870 2015 3022 y bers sains iorges deuers le roycoustant
248 2937 1884 3121 Et le Roy agouoniz sena briesment ietant
