3104 4140
1369 685 2583 786 le Roy heury ꝑclioit que bien se deffendy
1401 756 2687 837 De che quapiet le uoit point nely a bely
1516 807 3009 908 fit escrie a ses lõmes seigneurs pourdieu merch
1364 860 2620 942 Car a lons secourir roestont lesplus hardo
1357 917 2781 1007 Qui soit en tout le monde ne que onques nasqun
1366 968 2600 1051 De nous nely aydons le cuge arons faly
1362 1025 2834 1106 dout furent parmy uoine ly cor dartam bondy
1373 1076 2434 1154 la postele mesmes prenuerement
2519 1081 2574 1173 si
1357 1113 2510 1205 Et ly uon carmual que furont syaint
1378 1175 2800 1267 ly pape cheuaucha par my les pros flos floris
1373 1230 2774 1327 le brach saint symion fait porter deuant ly
1371 1283 2634 1380 Ep n lestour se fertront cõ bien ame my uy
1366 1338 2687 1449 Dieux que ly apostoles kasbien sy cõbaty
1357 1405 2574 1508 ly istore Iesmoigne et ly lures oussy
1346 1458 3007 1573 Qua ytelle iocacee Iournee ychy que Ie uautdu
1346 1534 2781 1642 ꝑchist de semanꝰ qrope ly papes seignoris
1336 1603 2487 1704 Bou sarrasin ⁊ les geuir de parte
2478 1651 2531 1704 xu.
1327 1665 2797 1766 Et Retoust des paiens le richi ger heury
1378 1731 2947 1821 e se le Remonta sur un ceur  courant rouchin
1350 1784 2687 1874 Quant il ot penoind ainsy que Ie uous dy
1350 1846 2250 1918 Doucliement lenuracha so
2280 1830 2666 1918 ly dist ansy
1449 1888 2623 1980 rois de uõgiare du pout auous mocry
1401 1925 2837 2037 uy uoy bien la parant deixs uous, aainy tent
1355 2003 2924 2095 Lareaques mais nul panche sy bien ne cõbati
1343 2063 2901 2150 Que uous auel huy fait ⁊ pout dieu et pour nin
1327 2116 2899 2203 Cains peres dist lieuris de mort maues garig
1355 2198 1380 2240 ¶
1463 2164 2420 2258 elle Raison quil parloient ensy
1362 2210 2648 2311 Et uous le roy butor que no geus assaly
1348 2265 2719 2378 Adont recõmenchierent ly caple ecly estas
1470 2325 2726 2426 rande fu le bataille ⁊ fiere le renchon
1341 2380 2832 2486 Cheluy iour y moru de parens grant fuson
1481 2435 2772 2548 uous le aby butor ⁊ o luy maint delouton
1449 2509 2556 2603 estien assalirent entour et enuiron
1346 2573 2600 2656 la en meru plente agrant destruction
1334 2617 3002 2720 mes ly bons rois hendis qui dicup fache pardon
1329 2679 2632 2776 Se cõbaty chie iour a forche et a uauden
1470 2732 2800 2831 list tant par se forche que ly paien felon
1332 2789 2749 2888 Furent gout Rrecule iusque leur pauullon
1334 2840 2588 2941 le fust laroiere ban de le ieste ma hon
1343 2900 2498 2996 ia nen fus escape chlr ne baroit
1334 2955 2862 3070 Mais un roy pauoit cet cun clamoit garclnion
2703 3477 3041 3627 ¶u ni n
