3104 4140
1306 903 2597 1005 e ueet dun arbalester qalus neu a on conte
1369 965 2514 1060 pour cheque Il fu sy bien airõne
1270 1025 2432 1108 Te auueri courant encloi et ensrame
1306 1076 2372 1170 le castel de Runere fu deppuis apeles
1295 1122 2623 1225 Et puis yfist morant moult noble frumet
1320 1175 2731 1283 t un tres uo ble uourt ⁊ moult tresbien frimie
1295 1221 2563 1340 Ii pour le bon pait que on y auoit trome
1251 1269 2577 1398 esy furent ꝓ luiseurs geus puisse dy aurosse
1398 1338 2593 1455 sy que uour oren se il uns uiitadre
1304 1405 2381 1508 de ray du gaiant qui fuen lest rut
1362 1435 2590 1573 repe et tenter abat moult en ot aauõte
1401 1511 2425 1614 maint bon crestien a ale mort luice
1387 1559 2478 1681 se gent ensement se sont fort demene
1373 1616 2457 1741 sont maint paullon accrre aeuerse
1339 1695 2404 1793 forent no crescien trestont desbarete
1332 1757 2705 1842 ant lieury et authoie et su peuple plente
1323 1819 2593 1897 rorans ex la rcheuesque sont droit laoriner
1339 1869 2579 1952 t brisses et moetuis sy fu cascans armer̃
1348 1925 2271 2012 mille crestien ces sierent o coste
1329 1959 2586 2065 uant ly gaians les uitadont sest ceculen
1320 2026 2593 2120 enele luy et se gout sent au aules ealres
1304 2097 2432 2168 narescange yoł trobierl ⁊ mant pee
1311 2132 2583 2226 noult seurent bien le udir ly saraqm demue
1323 2196 2544 2286 Dar decens le citerm ont lorelponm trou
1329 2254 2627 2350 et puis ont lins Reclon qui fr de ser bendes
1334 2316 2659 2417 no baron uenoient moult sichiemẽt moute
1327 2380 2512 2474 es en che marisca ne sont mie entre
2577 2375 2646 2435 1
1334 2433 2680 2523 ar qm ne scet le uie gontost est enfordres
1329 2488 2521 2578 iolnt et lourechut souralost sourns
1359 2543 2609 2631 bron sirenr geunier lost enrroh et en be
1343 2601 2625 2691 es scachiel auilue sout mie ⟦cpis de me
2850 2582 3007 2707 apm
1329 2658 2560 2746 aer ly gaiann ber a bien soircent Roinde
1417 2709 2669 2808 bien gaitier le seuit ne sont a lot aleu
1334 2766 2873 2875 a uient quy par un ler pois yaux faire geate
1323 2831 2432 2918 en de man reuẽra par un aultretoste
1318 2884 2510 2983 le tour de cantin est bion souuẽt a le
1339 2944 2583 3045 t le fait pouruer ⁊ decpain et de ble
1325 3008 2623 3111 n sun frire y aioit aun clauoit nalostre
1339 3079 2692 3169 ui gardog le castul amait paien drue
1304 3137 2485 3217 la auoit le uipaille con quoit aporte
1306 3190 2556 3305 du paie la enrout ou furent amasse
