3104 4140
1306 1023 2586 1117 t ly quens maradieux ne sy atarga mie
1327 1081 2512 1168 Boy heury manda en le sale uantie
1290 1127 2572 1232 iaulte uoeyt l a dit que point ne sy degrie
1260 1184 2512 1288 Bian sire ie me plaing q uostre Barõme
1288 1232 2528 1350 qui hun mont ceste uille laidemet assalie
1316 1283 2574 1389 me cuident auoir par leut forte muaistrie
1263 1340 2623 1446 nekyar mes dieux mahon ꝑ ql pensẽt a folie
1302 1398 2717 1497 ar se ly tois cloemis qui les fraucloie maistrie
1302 1462 2422 1550 stoit ꝑchy duant auene se uarõme
1281 1513 2450 1607 mis n seroit scet ans acoute se maisme
1293 1559 2464 1672 duez bruges fust par luy poise ne essiblie
1375 1637 2650 1724 per due lauoit nen douroie eau uialie
1281 1683 2719 1789 ay aultre fors castaux dont iay le frignourie
1281 1738 2563 1851 a ou ie me geuroit sil est quy me maispru
1371 1807 2468 1892 uour̾ uoles mauder auostre baromi
1309 1849 2625 1936 aul son ueullent Raler en le uostre partie
1295 1911 2358 1998 e uous delueray sans nuile uilõme
1387 1943 2581 2056 dist ly oir heure uous pensea a folie
1288 2017 2556 2099 a ne uous guerpiroit fert le uillaperie
2554 2033 2696 2125 sodie
1313 2063 2508 2164 ist ly quẽe mara dine Ie sus plani̾ d
1323 2102 2756 2228 nen prison ne uous treuez ou plus a res hasquie
1320 2185 2485 2281 ar trop trouuen en moy amnsͤ courcoisie
1495 2237 2586 2336 ly quẽs mara suis qui cuerot de lion
1366 2283 2593 2389 Rom ie uous miteray en sy forteprison
1293 2348 2416 2444 Rue Iamais insteres mar nesime dcoisot
1336 2389 2551 2509 e ce me faites pais au bar naie felon
1290 2433 2751 2557 dui ont deuant me uille tendu mait pauillon
1297 2516 2577 2601 iouuelle gent i a uenue che aue diston
1302 2557 2694 2654 Rui de non greueront moult grant denotion
1297 2619 2597 2700 t quant heires lentent se baisse le menton
1309 2656 2738 2771 r scet bien decertain que chest se nore chon
1300 2730 2636 2819 dont li anglis luy out fait amentacion
1300 2783 2287 2879 hũ crist en loa qui souffry pplission
1304 2833 2724 2930 drl fu ly rois menes par deddeus un dongon
1327 2884 2583 2989 u Il le enmuires moult fort tout enueroi
1300 2939 2482 3045 a fu le roy heury en grande denotion
1251 3001 2512 3104 Print a dien le pere qui souffry passion
1313 3068 2765 3155 ⁊ue sel corpes pre deliures en bien courte saison
1323 3123 2913 3201 t ly uous poir authomen que dieux faieli pardon
1318 3176 2595 3261 sprt dedeus sen tres et oluy sy baron
1279 3226 2544 3318 arcchenesque de toure ysu bien le seet on
1263 3263 2777 3394 Eet urisses et martuir qui tant ot de Recion
