3104 4140
126 641 1392 768 dne des enfans me taise se men seray uertis
144 717 1260 804 Raconter dauthoie qui tant fu pestail
190 758 1311 867 du roy dengleterre qui iu nõmes henris
117 830 1079 917 dui uien poii ans Passes et acoupaỹ
105 876 1205 982 enaberentremsamba Par estraicne pars
103 919 1249 1032 dui noirent nouueille ne en fais ne endis
103 977 1224 1090 delame le courtoise ne aube deux sel fur
98 1028 1233 1143 Dont cascuuẽ dians estoit delans et esbaubis
115 1074 1288 1200 ⁊ les mena tant dieips le rron de paradis
80 1133 1224 1242 ue ly roy hõnourables au uoloir Iluaist
94 1191 1198 1297 ruierent au lieu che nous dist ly escris
105 1232 1235 1357 u ly ie mites ot les deux enfans nouris
119 1290 1120 1421 Eucore estoit eume mesuesaint felix
101 1334 1240 1469 ui xui anis cconurena les enfans li pessiẽr
1210 1403 1274 1465 di
117 1407 1134 1524 us Ou uosarmerert ly doy roy dontr
119 1432 1408 1577 eur chiens et leur uraquil out ly uenaour qris
103 1492 1286 1632 Ou bos bes out menes lieudes ont aquelu
101 1540 1392 1692 Lõmus et aultres bestõl dont h bol ist gartus
395 1598 1447 1713 le Roy authome deddens ue uos pleuier
195 1655 1293 1782 Auent heriry le roy et amouro ho fier
112 1704 1548 1853 Riens et braquel ent prius se uout le uoscerquiet
124 1768 1180 1906 rusy quegenti hõme si uout abauoier
131 1803 1369 1957 out ly doy eisamole auent maint leurier
124 1872 1516 2005 Et ly quien uout treuehant qui bien sceuent flaiiez
105 1938 1348 2060 Dles uere lermitage pruirent a adrechier
108 2003 1304 2120 erunte ont aquelx tout parmy un sentier
105 2033 1530 2171 Et quant ly uous prendons uit les leiens aprochier
108 2113 1240 2219 Dout anda uien morir amortel encõboier
117 2164 1343 2281 Iors se ua un he rmges bien tost a geneulier
135 2217 1247 2341 Et dist un orison qui moult fait a prisier
126 2283 1171 2398 eu priant Ihũcrist qui ly uausist ardier
121 2297 1619 2465 derer quoy lechrien ne uiengne le sien corps melamer
126 2385 1502 2513 Qui formont se peuoieis de lins tos aprochier
158 2449 1329 2571 ar sauuaise sambloit lermite au corps chiuere
227 2481 1580 2622 uant ly gentieux heruntes dont Ie uous seifir
370 2555 1493 2661 es chiens aproclier paour ot dese uie
170 2612 1208 2718 ae ie nous se ieta desus uerbe florpe
195 2668 1270 2778 dist un orison qui bien doit estreoie
179 2704 1421 2842 iauyo sires dieuxedist il qui toutas en balie
144 2766 1325 2904 Et estoras le monde et le chol qui tourue
230 2803 1484 2953 Neas hõme et fame et me fis ou corps me
172 2898 1189 3040 er puis leur otrias tretoit a uur fir
