3104 4140
1362 892 2733 998 Et dist sire pardieu prop mallement uoꝰ ua
1332 963 2848 1048 pour naues que mengiel martun tout doune a
1350 1007 2485 1101 undt seul capon posty demdre mia
1339 1071 2802 1161 u nait dõne pourdieu ni scaycon en fera
1323 1124 2666 1214 Ne cõment uostre couert lun seame sera
1327 1196 3009 1290 Flio serra moult ꝯgrant blasme quant le mengier faura
1323 1255 2625 1331 tant es uoul inartinqui encontre ly ua
1323 1317 2756 1403 pu qui uoit son signeur haultement dit lya
1297 1386 2445 1458 here faites lauer on uous se aura
1336 1442 2699 1531 Pa disners est tous prest et hastes piecha
1320 1499 2832 1591 Martin dist larcheueshue Nrestout aultremẽt ua
1311 1570 2735 1651 Oour aues pour diel tout quanque chrens a
1306 1623 2666 1708 Taisies uous dist martui caron uoꝰ liuera
1375 1690 2602 1770 sses pour soouler tous cheux ꝯ trouuera
1313 1743 2710 1839 ¶dont ly archeuesques les deux coy amena
1412 1796 2726 1895 t le Ryche barne que foruent hõnoura
1362 1860 2774 1964 Et marti ly gentieux en unr cambri entra
1309 1925 2468 2037 E dist ung ouson 9 uoue recoreeia
1352 1984 2708 2081 yꝯuent cel orison que uourdiray uriofmẽt
1293 2093 2853 2194 qz rauslatee en rõmant pour che que toute gent
1405 2044 2540 2134 Neste di latin chescachien ueaiemet
1323 2155 2885 2251 se puisse mienx entendere et plus parfaitemẽt
1311 2217 2581 2320 Messire saint martin le dist premeremẽt
1309 2274 2439 2385 Et pria Ihũcrist le pere oĩpotent
1304 2355 2740 2447 EQue qui laroit sut ly portant deuotemẽt
1295 2412 2786 2507 En lõncul dieu le rperie et delyeusement
1309 2472 2745 2562 ue le iour naueroit ne mal nẽ cõbrement
1306 2530 2659 2617 Et aueroit aussy prouuende largement
1316 2580 2820 2679 martin fu ense a bie pleurãt moult ueurment
1339 2645 2535 2743 dist I sere dieux aqui ly mons apret̾
1320 2707 2445 2799 dere du poradialfire da firmament
1316 2764 2811 2861 Sy uay que pour nous tous mener a sauuement
1325 2826 2583 2934 Estoras une doirce ⁊ keas santement
1323 2888 2489 2994 lain tu enuoias le salu ꝑ lainement
1274 2966 1297 3042 6
1334 2964 2878 3052 dar gabriel ton augle qui ly dist haultement
1318 3019 2641 3104 me dame de graste anchelle ausapient
1334 3084 2676 3150 ⁊u ton desceuser le Roy ou tout apent
1313 3132 2653 3213 Et du saint espprit le uray gaouruemet
1306 3180 2669 3288 Ru tes saiter mamelel aras lalaitemẽt
