3104 4140
131 625 1647 736 y rois issy de londres sans nul arestement
96 703 1516 788 Et sy noble uaron dont il y ot gragment
140 761 1698 850 ontre le roy aut houres seu uout moult no blement
115 818 1442 915 Et sy noble uaron sout il y et grãment
133 871 1642 979 t qrant il encontrereat le poyque tant despent
101 949 1698 1046 pont ly firent honneur et heuris proprement
82 1009 1302 1113 Aalua le bon aoy et ly dist haultement
94 1069 1491 1173 dire bien uerues uous en cestuy tenemcent
98 1133 1534 1255 re uenes au iour duy prendre herbegemẽt
126 1212 1550 1313 ment le plus dolante qui soit os ou firmamẽt
131 1278 1705 1393 Dar fon ctie dist authomes uous parles saigement
142 1357 1714 1467 a pls courclaet de moy ne hõme plus dolent
103 1421 1484 1543 Or nous uoeulle Ihũs le pere oim̃potent
161 1494 1477 1603 u tout reconforter syl y uient a talent
98 1566 1725 1676 Par pu ay pierlia quis et moult trisioignement
144 1639 1677 1752 e creature ou monde que Iamoye plus forment
170 1704 1700 1826 ue est me fille elame que de baulte resplent
138 1777 1594 1892 dr uous prie et Rguier ne me celes noiemt
138 1839 1488 1975 ues uous point ueu en uostre tenement
138 1920 1263 2067 denir une puchelle esqare de gent
190 1998 1688 2118 na point sen pareil iusqua larbre qͥ fent
147 2065 1387 2187 rt dist le roy heury sire certainemen
158 2148 1311 2256 uuren a .iiii ans selent mon eusient
103 2208 1769 2329 Que ly miens corps irouua chescaclies braiement
112 2304 1677 2398 deles une fontaine plourant moult teurement
142 2387 1679 2490 e plus belle du monde sy lonc ꝯ u efsestent
112 2451 1297 2553 Elame se faisoit apeler de le gent
115 2525 151 2594 I
181 2527 1421 2612 le estoit armure ou dieu cõmandement
119 2592 1566 2697 ⁊onte seulli a un pert quant ie uinc en pñt
101 2654 1739 2773 Euant le t uic sy tresbelle Ie langy tellement
108 2723 1730 2847 Que li princ ce moullier et lespousqy briefment
108 2799 1612 2900 Et fuc aueuques d ly ne mie longuement
105 2863 1474 2957 Par ly ssains apostoles lon apelle climent
110 2927 1691 3052 mie manda et il pria moult espenallement
